%%%%%%%%%%%%%%%%%%%%%%%%%%%%%%%%%%%%%%%%%%%%%%%%%%%%%%%%%


@ARTICLE{2010ApJS..188..405A,
       author = {{Abdo}, A.~A. and {Ackermann}, M. and {Ajello}, M. and others},
        title = "{Fermi Large Area Telescope First Source Catalog}",
      journal = {\apjs},
     keywords = {catalogs, gamma rays: general, Astrophysics - High Energy Astrophysical Phenomena},
         year = 2010,
        month = jun,
       volume = {188},
       number = {2},
        pages = {405-436},
          doi = {10.1088/0067-0049/188/2/405},
archivePrefix = {arXiv},
       eprint = {1002.2280},
 primaryClass = {astro-ph.HE},
       adsurl = {https://ui.adsabs.harvard.edu/abs/2010ApJS..188..405A},
      adsnote = {Provided by the SAO/NASA Astrophysics Data System}
}



% 2FGL
% old reference: \cite{:2011bm}
@ARTICLE{2012ApJS..199...31N,
   author = {{Nolan}, P.~L. and {Abdo}, A.~A. and {Ackermann}, M. and others},
    title = "{Fermi Large Area Telescope Second Source Catalog}",
  journal = {\apjs},
archivePrefix = "arXiv",
   eprint = {1108.1435},
 primaryClass = "astro-ph.HE",
 keywords = {catalogs, gamma rays: general},
     year = 2012,
    month = apr,
   volume = 199,
      eid = {31},
    pages = {31},
      doi = {10.1088/0067-0049/199/2/31},
   adsurl = {http://adsabs.harvard.edu/abs/2012ApJS..199...31N},
  adsnote = {Provided by the SAO/NASA Astrophysics Data System}
}

% 3FGL
@ARTICLE{2015ApJS..218...23A,
   author = {{Acero}, F. and {Ackermann}, M. and {Ajello}, M. and others},
    title = "{Fermi Large Area Telescope Third Source Catalog}",
  journal = {\apjs},
archivePrefix = "arXiv",
   eprint = {1501.02003},
 primaryClass = "astro-ph.HE",
 keywords = {catalogs, gamma rays: general},
     year = 2015,
    month = jun,
   volume = 218,
      eid = {23},
    pages = {23},
      doi = {10.1088/0067-0049/218/2/23},
   adsurl = {http://adsabs.harvard.edu/abs/2015ApJS..218...23A},
  adsnote = {Provided by the SAO/NASA Astrophysics Data System}
}

% 4FGL
@ARTICLE{2020ApJS..247...33A,
       author = {{Abdollahi}, S. and {Acero}, F. and {Ackermann}, M. and others},
        title = "{Fermi Large Area Telescope Fourth Source Catalog}",
      journal = {\apjs},
     keywords = {Astrophysics - High Energy Astrophysical Phenomena},
         year = 2020,
        month = mar,
       volume = {247},
       number = {1},
          eid = {33},
        pages = {33},
          doi = {10.3847/1538-4365/ab6bcb},
archivePrefix = {arXiv},
       eprint = {1902.10045},
 primaryClass = {astro-ph.HE},
       adsurl = {https://ui.adsabs.harvard.edu/abs/2020ApJS..247...33A},
      adsnote = {Provided by the SAO/NASA Astrophysics Data System}
}

% 4FGL-DR2
@ARTICLE{2020arXiv200511208B,
       author = {{Ballet}, J. and {Burnett}, T.~H. and {Digel}, S.~W. and {Lott}, B.},
        title = "{Fermi Large Area Telescope Fourth Source Catalog Data Release 2}",
      journal = {arXiv e-prints},
     keywords = {Astrophysics - High Energy Astrophysical Phenomena},
         year = 2020,
        month = may,
          eid = {arXiv:2005.11208},
        pages = {arXiv:2005.11208},
archivePrefix = {arXiv},
       eprint = {2005.11208},
 primaryClass = {astro-ph.HE},
       adsurl = {https://ui.adsabs.harvard.edu/abs/2020arXiv200511208B},
      adsnote = {Provided by the SAO/NASA Astrophysics Data System}
}



% Prob catalogs Hogg et al
@INPROCEEDINGS{2010EAS....45..351H,
       author = {{Hogg}, D.~W. and {Lang}, D.},
        title = "{Telescopes don't make catalogues!}",
     keywords = {Astrophysics - Instrumentation and Methods for Astrophysics, Astrophysics - Solar and Stellar Astrophysics, Physics - Data Analysis, Statistics and Probability},
    booktitle = {EAS Publications Series},
         year = 2010,
       series = {EAS Publications Series},
       volume = {45},
        month = jan,
        pages = {351-358},
          doi = {10.1051/eas/1045059},
archivePrefix = {arXiv},
       eprint = {1008.0738},
 primaryClass = {astro-ph.IM},
       adsurl = {https://ui.adsabs.harvard.edu/abs/2010EAS....45..351H},
      adsnote = {Provided by the SAO/NASA Astrophysics Data System}
}



%probabilistic catalogs
@ARTICLE{2013AJ....146....7B,
       author = {{Brewer}, Brendon J. and {Foreman-Mackey}, Daniel and {Hogg}, David W.},
        title = "{Probabilistic Catalogs for Crowded Stellar Fields}",
      journal = {\aj},
     keywords = {catalogs, methods: data analysis, methods: statistical, stars: luminosity function, mass function, Astrophysics - Instrumentation and Methods for Astrophysics, Physics - Data Analysis, Statistics and Probability, Statistics - Applications},
         year = "2013",
        month = "Jul",
       volume = {146},
       number = {1},
          eid = {7},
        pages = {7},
          doi = {10.1088/0004-6256/146/1/7},
archivePrefix = {arXiv},
       eprint = {1211.5805},
 primaryClass = {astro-ph.IM},
       adsurl = {https://ui.adsabs.harvard.edu/abs/2013AJ....146....7B},
      adsnote = {Provided by the SAO/NASA Astrophysics Data System}
}


% Finkbeiner et al Prob catalog in gamma rays
@ARTICLE{2017ApJ...839....4D,
       author = {{Daylan}, Tansu and {Portillo}, Stephen K.~N. and
         {Finkbeiner}, Douglas P.},
        title = "{Inference of Unresolved Point Sources at High Galactic Latitudes Using Probabilistic Catalogs}",
      journal = {\apj},
     keywords = {gamma rays: diffuse background, gamma rays: galaxies, gamma rays: general, methods: data analysis, methods: statistical, Astrophysics - Instrumentation and Methods for Astrophysics, Astrophysics - Cosmology and Nongalactic Astrophysics, Astrophysics - Astrophysics of Galaxies, Astrophysics - High Energy Astrophysical Phenomena, High Energy Physics - Phenomenology},
         year = 2017,
        month = apr,
       volume = {839},
       number = {1},
          eid = {4},
        pages = {4},
          doi = {10.3847/1538-4357/aa679e},
archivePrefix = {arXiv},
       eprint = {1607.04637},
 primaryClass = {astro-ph.IM},
       adsurl = {https://ui.adsabs.harvard.edu/abs/2017ApJ...839....4D},
      adsnote = {Provided by the SAO/NASA Astrophysics Data System}
}



@article{Camilo2015,
  doi = {10.1088/0004-637x/810/2/85},
  url = {https://doi.org/10.1088/0004-637x/810/2/85},
  year = {2015},
  month = sep,
  publisher = {{IOP} Publishing},
  volume = {810},
  number = {2},
  pages = {85},
  author = {F. Camilo and M. Kerr and P. S. Ray and S. M. Ransom and J. Sarkissian and H. T. Cromartie and S. Johnston and J. E. Reynolds and M. T. Wolff and P. C. C. Freire and B. Bhattacharyya and E. C. Ferrara and M. Keith and P. F. Michelson and P. M. Saz Parkinson and K. S. Wood},
  title = {{PARKES} {RADIO} {SEARCHES} {OFFERMIGAMMA}-{RAY} {SOURCES} {AND} {MILLISECOND} {PULSAR} {DISCOVERIES}},
  journal = {The Astrophysical Journal}
}





% software



@ARTICLE{2013A&A...558A..33A,
   author = {{Robitaille}, T.~P. and {Tollerud}, E.~J. and {Greenfield}, P. and others},
    title = "{Astropy: A community Python package for astronomy}",
  journal = {\aap},
archivePrefix = "arXiv",
   eprint = {1307.6212},
 primaryClass = "astro-ph.IM",
 keywords = {methods: data analysis, methods: miscellaneous, virtual observatory tools},
     year = 2013,
    month = oct,
   volume = 558,
      eid = {A33},
    pages = {A33},
      doi = {10.1051/0004-6361/201322068},
   adsurl = {http://adsabs.harvard.edu/abs/2013A%26A...558A..33A},
  adsnote = {Provided by the SAO/NASA Astrophysics Data System}
}

@Article{Hunter:2007,
  Author    = {Hunter, J. D.},
  Title     = {Matplotlib: A 2D graphics environment},
  Journal   = {Computing In Science \& Engineering},
  Volume    = {9},
  Number    = {3},
  Pages     = {90--95},
  abstract  = {Matplotlib is a 2D graphics package used for Python
  for application development, interactive scripting, and
  publication-quality image generation across user
  interfaces and operating systems.},
  publisher = {IEEE COMPUTER SOC},
  doi = {10.1109/MCSE.2007.55},
  year      = 2007
}

% topcat
@INPROCEEDINGS{2005ASPC..347...29T,
       author = {{Taylor}, M.~B.},
        title = "{TOPCAT \& STIL: Starlink Table/VOTable Processing Software}",
    booktitle = {Astronomical Data Analysis Software and Systems XIV},
         year = 2005,
       editor = {{Shopbell}, P. and {Britton}, M. and {Ebert}, R.},
       series = {Astronomical Society of the Pacific Conference Series},
       volume = {347},
        month = dec,
        pages = {29},
       adsurl = {https://ui.adsabs.harvard.edu/abs/2005ASPC..347...29T},
      adsnote = {Provided by the SAO/NASA Astrophysics Data System}
}

% general ML methods for FGL catalogs
% \cite{2012ApJ...753...83A, 2016ApJ...820....8S, 2016ApJ...825...69M, 2017A&A...602A..86L, 2020MNRAS.492.5377L, 2020arXiv200106010Z}

% ML for 1FGL
@ARTICLE{2012ApJ...753...83A,
       author = {{Ackermann}, M. and {Ajello}, M. and {Allafort}, A. and others},
        title = "{A Statistical Approach to Recognizing Source Classes for Unassociated Sources in the First Fermi-LAT Catalog}",
      journal = {\apj},
     keywords = {catalogs, galaxies: active, gamma rays: general, methods: statistical, pulsars: general, Astrophysics - High Energy Astrophysical Phenomena},
         year = 2012,
        month = jul,
       volume = {753},
       number = {1},
          eid = {83},
        pages = {83},
          doi = {10.1088/0004-637X/753/1/83},
archivePrefix = {arXiv},
       eprint = {1108.1202},
 primaryClass = {astro-ph.HE},
       adsurl = {https://ui.adsabs.harvard.edu/abs/2012ApJ...753...83A},
      adsnote = {Provided by the SAO/NASA Astrophysics Data System}
}


% ML for 3FGL + pulsars
@ARTICLE{2016ApJ...820....8S,
       author = {{Saz Parkinson}, P.~M. and {Xu}, H. and {Yu}, P.~L.~H. and
         {Salvetti}, D. and {Marelli}, M. and {Falcone}, A.~D.},
        title = "{Classification and Ranking of Fermi LAT Gamma-ray Sources from the 3FGL Catalog using Machine Learning Techniques}",
      journal = {\apj},
     keywords = {gamma rays: stars, methods: statistical, pulsars: general, Astrophysics - High Energy Astrophysical Phenomena},
         year = 2016,
        month = mar,
       volume = {820},
       number = {1},
          eid = {8},
        pages = {8},
          doi = {10.3847/0004-637X/820/1/8},
archivePrefix = {arXiv},
       eprint = {1602.00385},
 primaryClass = {astro-ph.HE},
       adsurl = {https://ui.adsabs.harvard.edu/abs/2016ApJ...820....8S},
      adsnote = {Provided by the SAO/NASA Astrophysics Data System}
}

% 3FGL + DM search
@ARTICLE{2016ApJ...825...69M,
       author = {{Mirabal}, N. and {Charles}, E. and {Ferrara}, E.~C. and
         {Gonthier}, P.~L. and {Harding}, A.~K. and {S{\'a}nchez-Conde}, M.~A. and
         {Thompson}, D.~J.},
        title = "{3FGL Demographics Outside the Galactic Plane using Supervised Machine Learning: Pulsar and Dark Matter Subhalo Interpretations}",
      journal = {\apj},
     keywords = {dark matter, gamma rays: general, pulsars: general, Astrophysics - High Energy Astrophysical Phenomena},
         year = 2016,
        month = jul,
       volume = {825},
       number = {1},
          eid = {69},
        pages = {69},
          doi = {10.3847/0004-637X/825/1/69},
archivePrefix = {arXiv},
       eprint = {1605.00711},
 primaryClass = {astro-ph.HE},
       adsurl = {https://ui.adsabs.harvard.edu/abs/2016ApJ...825...69M},
      adsnote = {Provided by the SAO/NASA Astrophysics Data System}
}



% 3FGL + blazars + Galactic
@ARTICLE{2017A&A...602A..86L,
       author = {{Lefaucheur}, Julien and {Pita}, Santiago},
        title = "{Research and characterisation of blazar candidates among the Fermi/LAT 3FGL catalogue using multivariate classifications}",
      journal = {\aap},
     keywords = {gamma rays: galaxies, galaxies: active, BL Lacertae objects: general, methods: statistical, catalogs, Astrophysics - High Energy Astrophysical Phenomena},
         year = 2017,
        month = jun,
       volume = {602},
          eid = {A86},
        pages = {A86},
          doi = {10.1051/0004-6361/201629552},
archivePrefix = {arXiv},
       eprint = {1703.01822},
 primaryClass = {astro-ph.HE},
       adsurl = {https://ui.adsabs.harvard.edu/abs/2017A&A...602A..86L},
      adsnote = {Provided by the SAO/NASA Astrophysics Data System}
}


% ML for 4FGL

@ARTICLE{2020MNRAS.492.5377L,
       author = {{Luo}, Shengda and {Leung}, Alex P. and {Hui}, C.~Y. and {Li}, K.~L.},
        title = "{An investigation on the factors affecting machine learning classifications in gamma-ray astronomy}",
      journal = {\mnras},
     keywords = {methods: statistical, pulsars: general, gamma-rays: stars, Astrophysics - Instrumentation and Methods for Astrophysics, Astrophysics - High Energy Astrophysical Phenomena},
         year = 2020,
        month = mar,
       volume = {492},
       number = {4},
        pages = {5377-5390},
          doi = {10.1093/mnras/staa166},
archivePrefix = {arXiv},
       eprint = {2001.04081},
 primaryClass = {astro-ph.IM},
       adsurl = {https://ui.adsabs.harvard.edu/abs/2020MNRAS.492.5377L},
      adsnote = {Provided by the SAO/NASA Astrophysics Data System}
}

% 3-class classification including AGNs, PSRs, and other sources
@ARTICLE{2020arXiv200106010Z,
       author = {{Zhu}, Kerui and {Kang}, Shi-Ju and {Zheng}, Yong-Gang},
        title = "{Searching for AGN and Pulsar Candidates in 4FGL Unassociated Sources Using Machine Learning}",
      journal = {arXiv e-prints},
     keywords = {Astrophysics - High Energy Astrophysical Phenomena},
         year = 2020,
        month = jan,
          eid = {arXiv:2001.06010},
        pages = {arXiv:2001.06010},
archivePrefix = {arXiv},
       eprint = {2001.06010},
 primaryClass = {astro-ph.HE},
       adsurl = {https://ui.adsabs.harvard.edu/abs/2020arXiv200106010Z},
      adsnote = {Provided by the SAO/NASA Astrophysics Data System}
}




% classification of blazars
% \citep{2013MNRAS.428..220H, 2014ApJ...782...41D, 2016MNRAS.462.3180C, 2017MNRAS.470.1291S, 2019MNRAS.490.4770K, 2020MNRAS.493.1926K}

@ARTICLE{2013MNRAS.428..220H,
       author = {{Hassan}, T. and {Mirabal}, N. and {Contreras}, J.~L. and {Oya}, I.},
        title = "{Gamma-ray active galactic nucleus type through machine-learning algorithms}",
      journal = {\mnras},
     keywords = {galaxies: active, Astrophysics - High Energy Astrophysical Phenomena},
         year = 2013,
        month = jan,
       volume = {428},
       number = {1},
        pages = {220-225},
          doi = {10.1093/mnras/sts022},
archivePrefix = {arXiv},
       eprint = {1209.4359},
 primaryClass = {astro-ph.HE},
       adsurl = {https://ui.adsabs.harvard.edu/abs/2013MNRAS.428..220H},
      adsnote = {Provided by the SAO/NASA Astrophysics Data System}
}


@ARTICLE{2014ApJ...782...41D,
       author = {{Doert}, M. and {Errando}, M.},
        title = "{Search for Gamma-ray-emitting Active Galactic Nuclei in the Fermi-LAT Unassociated Sample Using Machine Learning}",
      journal = {\apj},
     keywords = {catalogs, galaxies: active, gamma rays: galaxies, methods: statistical, Astrophysics - High Energy Astrophysical Phenomena, Astrophysics - Instrumentation and Methods for Astrophysics, Physics - Data Analysis, Statistics and Probability},
         year = 2014,
        month = feb,
       volume = {782},
       number = {1},
          eid = {41},
        pages = {41},
          doi = {10.1088/0004-637X/782/1/41},
archivePrefix = {arXiv},
       eprint = {1312.5726},
 primaryClass = {astro-ph.HE},
       adsurl = {https://ui.adsabs.harvard.edu/abs/2014ApJ...782...41D},
      adsnote = {Provided by the SAO/NASA Astrophysics Data System}
}


@ARTICLE{2016MNRAS.462.3180C,
       author = {{Chiaro}, G. and {Salvetti}, D. and {La Mura}, G. and {Giroletti}, M. and
         {Thompson}, D.~J. and {Bastieri}, D.},
        title = "{Blazar flaring patterns (B-FlaP) classifying blazar candidate of uncertain type in the third Fermi-LAT catalogue by artificial neural networks}",
      journal = {\mnras},
     keywords = {methods: statistical, galaxies: active, BL Lacertae objects: general, gamma-rays: galaxies, radio continuum: galaxies, Astrophysics - High Energy Astrophysical Phenomena},
         year = 2016,
        month = nov,
       volume = {462},
       number = {3},
        pages = {3180-3195},
          doi = {10.1093/mnras/stw1830},
archivePrefix = {arXiv},
       eprint = {1607.07822},
 primaryClass = {astro-ph.HE},
       adsurl = {https://ui.adsabs.harvard.edu/abs/2016MNRAS.462.3180C},
      adsnote = {Provided by the SAO/NASA Astrophysics Data System}
}

@ARTICLE{2017MNRAS.470.1291S,
       author = {{Salvetti}, D. and {Chiaro}, G. and {La Mura}, G. and {Thompson}, D.~J.},
        title = "{3FGLzoo: classifying 3FGL unassociated Fermi-LAT {\ensuremath{\gamma}}-ray sources by artificial neural networks}",
      journal = {\mnras},
     keywords = {methods: statistical, galaxies: active, BL Lacertae objects: general, gamma-rays: galaxies, Astrophysics - High Energy Astrophysical Phenomena},
         year = 2017,
        month = sep,
       volume = {470},
       number = {2},
        pages = {1291-1297},
          doi = {10.1093/mnras/stx1328},
archivePrefix = {arXiv},
       eprint = {1705.09832},
 primaryClass = {astro-ph.HE},
       adsurl = {https://ui.adsabs.harvard.edu/abs/2017MNRAS.470.1291S},
      adsnote = {Provided by the SAO/NASA Astrophysics Data System}
}




@ARTICLE{2019MNRAS.490.4770K,
       author = {{Kova{\v{c}}evi{\'c}} and {}, M. and {Chiaro}, G. and {Cutini}, S. and
         {Tosti}, G.},
        title = "{Optimizing neural network techniques in classifying Fermi-LAT gamma-ray sources}",
      journal = {\mnras},
     keywords = {methods: statistical, galaxies: active, BL Lacertae objects: general, gamma-rays: galaxies, Astrophysics - High Energy Astrophysical Phenomena},
         year = 2019,
        month = dec,
       volume = {490},
       number = {4},
        pages = {4770-4777},
          doi = {10.1093/mnras/stz2920},
archivePrefix = {arXiv},
       eprint = {1911.02948},
 primaryClass = {astro-ph.HE},
       adsurl = {https://ui.adsabs.harvard.edu/abs/2019MNRAS.490.4770K},
      adsnote = {Provided by the SAO/NASA Astrophysics Data System}
}


@ARTICLE{2020MNRAS.493.1926K,
       author = {{Kova{\v{c}}evi{\'c}}, M. and {Chiaro}, G. and {Cutini}, S. and
         {Tosti}, G.},
        title = "{Classification of blazar candidates of uncertain type from the Fermi LAT 8-yr source catalogue with an artificial neural network}",
      journal = {\mnras},
     keywords = {methods: statistical, galaxies: active, BL Lacertae objects: general, gamma-rays: galaxies, Astrophysics - High Energy Astrophysical Phenomena, Astrophysics - Instrumentation and Methods for Astrophysics},
         year = 2020,
        month = apr,
       volume = {493},
       number = {2},
        pages = {1926-1935},
          doi = {10.1093/mnras/staa394},
archivePrefix = {arXiv},
       eprint = {2002.10256},
 primaryClass = {astro-ph.HE},
       adsurl = {https://ui.adsabs.harvard.edu/abs/2020MNRAS.493.1926K},
      adsnote = {Provided by the SAO/NASA Astrophysics Data System}
}



% pulsars

%\citep{2012MNRAS.424.2832L, 2016ApJ...820....8S}

@ARTICLE{2012MNRAS.424.2832L,
       author = {{Lee}, K.~J. and {Guillemot}, L. and {Yue}, Y.~L. and {Kramer}, M. and
         {Champion}, D.~J.},
        title = "{Application of the Gaussian mixture model in pulsar astronomy - pulsar classification and candidates ranking for the Fermi 2FGL catalogue}",
      journal = {\mnras},
     keywords = {methods: statistical, pulsars: general, gamma-rays: stars, Astrophysics - Instrumentation and Methods for Astrophysics, Astrophysics - High Energy Astrophysical Phenomena},
         year = 2012,
        month = aug,
       volume = {424},
       number = {4},
        pages = {2832-2840},
          doi = {10.1111/j.1365-2966.2012.21413.x},
archivePrefix = {arXiv},
       eprint = {1205.6221},
 primaryClass = {astro-ph.IM},
       adsurl = {https://ui.adsabs.harvard.edu/abs/2012MNRAS.424.2832L},
      adsnote = {Provided by the SAO/NASA Astrophysics Data System}
}



% ML algorithms

% RF
@ARTICLE{709601,
  author="Ho, Tin Kam",
  journal={IEEE Transactions on Pattern Analysis and Machine Intelligence}, 
  title={The random subspace method for constructing decision forests}, 
  year={1998},
  volume={20},
  number={8},
  pages={832-844},}
  
  
  @article{Breiman:2001hzm,
    author = "Breiman, Leo",
    title = "{Random Forests}",
    doi = "10.1023/A:1010933404324",
    journal = "Machine Learning",
    volume = "45",
    number = "1",
    pages = "5--32",
    year = "2001"
}

% BDT
@article{friedman2001,
author = "Friedman, Jerome H.",
doi = "10.1214/aos/1013203451",
fjournal = "Annals of Statistics",
journal = "Ann. Statist.",
month = "10",
number = "5",
pages = "1189--1232",
publisher = "The Institute of Mathematical Statistics",
title = "Greedy function approximation: A gradient boosting machine.",
url = "https://doi.org/10.1214/aos/1013203451",
volume = "29",
year = "2001"
}


% LR
@article{cox1958,
author = "Cox, D. R.",
doi = "10.2307/2983890",
fjournal = "Journal of the Royal Statistical Society. Series B (Methodological)",
journal = "J R Stat Soc B",
number = "2",
pages = "215--242",
title = "Greedy function approximation: A gradient boosting machine.",
url = "https://www.jstor.org/stable/2983890",
volume = "20",
year = "1958"
}

% NN
@article{Hopfield:1982pe,
    author = "Hopfield, J.J.",
    title = "{Neural networks and physical systems with emergent collective computational abilities}",
    doi = "10.1073/pnas.79.8.2554",
    journal = "Proc. Nat. Acad. Sci.",
    volume = "79",
    pages = "2554--2558",
    year = "1982"
}

% contribution of AGNs to IGRB
% citep{2010ApJ...720..435A, 2011ApJ...738..181M, 2016PhRvL.116o1105A, 2016ApJS..225...18Z, 2016ApJ...826L..31Z, 2016ApJ...832..117L, 2018ApJ...856..106D}

@ARTICLE{2010ApJ...720..435A,
       author = {{Abdo}, A.~A. and {Ackermann}, M. and {Ajello}, M. and others},
        title = "{The Fermi-LAT High-Latitude Survey: Source Count Distributions and the Origin of the Extragalactic Diffuse Background}",
      journal = {\apj},
     keywords = {cosmology: observations, diffuse radiation, galaxies: active, galaxies: jets, gamma rays: diffuse background, surveys, Astrophysics - Cosmology and Extragalactic Astrophysics, Astrophysics - High Energy Astrophysical Phenomena},
         year = 2010,
        month = sep,
       volume = {720},
       number = {1},
        pages = {435-453},
          doi = {10.1088/0004-637X/720/1/435},
archivePrefix = {arXiv},
       eprint = {1003.0895},
 primaryClass = {astro-ph.CO},
       adsurl = {https://ui.adsabs.harvard.edu/abs/2010ApJ...720..435A},
      adsnote = {Provided by the SAO/NASA Astrophysics Data System}
}

@ARTICLE{2011ApJ...738..181M,
       author = {{Malyshev}, Dmitry and {Hogg}, David W.},
        title = "{Statistics of Gamma-Ray Point Sources below the Fermi Detection Limit}",
      journal = {\apj},
     keywords = {galaxies: active, gamma rays: diffuse background, gamma rays: general, methods: statistical, quasars: general, Astrophysics - Cosmology and Extragalactic Astrophysics, Astrophysics - High Energy Astrophysical Phenomena},
         year = 2011,
        month = sep,
       volume = {738},
       number = {2},
          eid = {181},
        pages = {181},
          doi = {10.1088/0004-637X/738/2/181},
archivePrefix = {arXiv},
       eprint = {1104.0010},
 primaryClass = {astro-ph.CO},
       adsurl = {https://ui.adsabs.harvard.edu/abs/2011ApJ...738..181M},
      adsnote = {Provided by the SAO/NASA Astrophysics Data System}
}



@ARTICLE{2016PhRvL.116o1105A,
       author = {{Ackermann}, M. and {Ajello}, M. and {Albert}, A. and others},
        title = "{Resolving the Extragalactic {\ensuremath{\gamma}} -Ray Background above 50 GeV with the Fermi Large Area Telescope}",
      journal = {\prl},
     keywords = {Astrophysics - Cosmology and Nongalactic Astrophysics, Astrophysics - High Energy Astrophysical Phenomena},
         year = 2016,
        month = apr,
       volume = {116},
       number = {15},
          eid = {151105},
        pages = {151105},
          doi = {10.1103/PhysRevLett.116.151105},
archivePrefix = {arXiv},
       eprint = {1511.00693},
 primaryClass = {astro-ph.CO},
       adsurl = {https://ui.adsabs.harvard.edu/abs/2016PhRvL.116o1105A},
      adsnote = {Provided by the SAO/NASA Astrophysics Data System}
}

@ARTICLE{2016ApJS..225...18Z,
       author = {{Zechlin}, Hannes-S. and {Cuoco}, Alessandro and {Donato}, Fiorenza and
         {Fornengo}, Nicolao and {Vittino}, Andrea},
        title = "{Unveiling the Gamma-Ray Source Count Distribution Below the Fermi Detection Limit with Photon Statistics}",
      journal = {\apjs},
     keywords = {gamma-rays: diffuse background, gamma-rays: general, methods: statistical, Astrophysics - High Energy Astrophysical Phenomena},
         year = 2016,
        month = aug,
       volume = {225},
       number = {2},
          eid = {18},
        pages = {18},
          doi = {10.3847/0067-0049/225/2/18},
archivePrefix = {arXiv},
       eprint = {1512.07190},
 primaryClass = {astro-ph.HE},
       adsurl = {https://ui.adsabs.harvard.edu/abs/2016ApJS..225...18Z},
      adsnote = {Provided by the SAO/NASA Astrophysics Data System}
}

@ARTICLE{2016ApJ...826L..31Z,
       author = {{Zechlin}, Hannes-S. and {Cuoco}, Alessandro and {Donato}, Fiorenza and
         {Fornengo}, Nicolao and {Regis}, Marco},
        title = "{Statistical Measurement of the Gamma-Ray Source-count Distribution as a Function of Energy}",
      journal = {\apjl},
     keywords = {gamma rays: diffuse background, gamma rays: general, methods: statistical, Astrophysics - High Energy Astrophysical Phenomena},
         year = 2016,
        month = aug,
       volume = {826},
       number = {2},
          eid = {L31},
        pages = {L31},
          doi = {10.3847/2041-8205/826/2/L31},
archivePrefix = {arXiv},
       eprint = {1605.04256},
 primaryClass = {astro-ph.HE},
       adsurl = {https://ui.adsabs.harvard.edu/abs/2016ApJ...826L..31Z},
      adsnote = {Provided by the SAO/NASA Astrophysics Data System}
}





@ARTICLE{2016ApJ...832..117L,
       author = {{Lisanti}, Mariangela and {Mishra-Sharma}, Siddharth and {Necib}, Lina and
         {Safdi}, Benjamin R.},
        title = "{Deciphering Contributions to the Extragalactic Gamma-Ray Background from 2 GeV to 2 TeV}",
      journal = {\apj},
     keywords = {BL Lacertae objects: general, dark matter, galaxies: active, galaxies: statistics, gamma rays: diffuse background, neutrinos, Astrophysics - High Energy Astrophysical Phenomena, Astrophysics - Cosmology and Nongalactic Astrophysics, Astrophysics - Astrophysics of Galaxies, High Energy Physics - Phenomenology},
         year = 2016,
        month = dec,
       volume = {832},
       number = {2},
          eid = {117},
        pages = {117},
          doi = {10.3847/0004-637X/832/2/117},
archivePrefix = {arXiv},
       eprint = {1606.04101},
 primaryClass = {astro-ph.HE},
       adsurl = {https://ui.adsabs.harvard.edu/abs/2016ApJ...832..117L},
      adsnote = {Provided by the SAO/NASA Astrophysics Data System}
}




@ARTICLE{2018ApJ...856..106D,
       author = {{Di Mauro}, M. and {Manconi}, S. and {Zechlin}, H. -S. and {Ajello}, M. and
         {Charles}, E. and {Donato}, F.},
        title = "{Deriving the Contribution of Blazars to the Fermi-LAT Extragalactic {\ensuremath{\gamma}}-ray Background at E > 10 GeV with Efficiency Corrections and Photon Statistics}",
      journal = {\apj},
     keywords = {gamma rays: diffuse background, gamma rays: galaxies, Astrophysics - High Energy Astrophysical Phenomena},
         year = 2018,
        month = apr,
       volume = {856},
       number = {2},
          eid = {106},
        pages = {106},
          doi = {10.3847/1538-4357/aab3e5},
archivePrefix = {arXiv},
       eprint = {1711.03111},
 primaryClass = {astro-ph.HE},
       adsurl = {https://ui.adsabs.harvard.edu/abs/2018ApJ...856..106D},
      adsnote = {Provided by the SAO/NASA Astrophysics Data System}
}





% EGB and DM limits
\citep{2015ApJ...800L..27A, 2015PhRvD..91l3001D, 2015JCAP...09..008F, 2015PhR...598....1F, 2017ChPhC..41d5104L}

@ARTICLE{2015ApJ...800L..27A,
       author = {{Ajello}, M. and {Gasparrini}, D. and {S{\'a}nchez-Conde}, M. and
         {Zaharijas}, G. and {Gustafsson}, M. and {Cohen-Tanugi}, J. and
         {Dermer}, C.~D. and {Inoue}, Y. and {Hartmann}, D. and {Ackermann}, M. and
         {Bechtol}, K. and {Franckowiak}, A. and {Reimer}, A. and
         {Romani}, R.~W. and {Strong}, A.~W.},
        title = "{The Origin of the Extragalactic Gamma-Ray Background and Implications for Dark Matter Annihilation}",
      journal = {\apjl},
     keywords = {cosmology: observations, dark matter, galaxies: active, galaxies: jets, gamma rays: diffuse background, surveys, Astrophysics - High Energy Astrophysical Phenomena, Astrophysics - Cosmology and Nongalactic Astrophysics},
         year = 2015,
        month = feb,
       volume = {800},
       number = {2},
          eid = {L27},
        pages = {L27},
          doi = {10.1088/2041-8205/800/2/L27},
archivePrefix = {arXiv},
       eprint = {1501.05301},
 primaryClass = {astro-ph.HE},
       adsurl = {https://ui.adsabs.harvard.edu/abs/2015ApJ...800L..27A},
      adsnote = {Provided by the SAO/NASA Astrophysics Data System}
}

@ARTICLE{2015PhRvD..91l3001D,
       author = {{Di Mauro}, Mattia and {Donato}, Fiorenza},
        title = "{Composition of the Fermi-LAT isotropic gamma-ray background intensity: Emission from extragalactic point sources and dark matter annihilations}",
      journal = {\prd},
     keywords = {98.70.Rz, 95.35.+d, 98.54.-h, gamma-ray sources, gamma-ray bursts, Dark matter, Quasars, active or peculiar galaxies objects and systems, Astrophysics - High Energy Astrophysical Phenomena, Astrophysics - Cosmology and Nongalactic Astrophysics, High Energy Physics - Phenomenology},
         year = 2015,
        month = jun,
       volume = {91},
       number = {12},
          eid = {123001},
        pages = {123001},
          doi = {10.1103/PhysRevD.91.123001},
archivePrefix = {arXiv},
       eprint = {1501.05316},
 primaryClass = {astro-ph.HE},
       adsurl = {https://ui.adsabs.harvard.edu/abs/2015PhRvD..91l3001D},
      adsnote = {Provided by the SAO/NASA Astrophysics Data System}
}



@ARTICLE{2015JCAP...09..008F,
       author = {Ackermann, M. and Ajello, M.  and  Albert, A. and others},
        title = "{Limits on dark matter annihilation signals from the Fermi LAT 4-year measurement of the isotropic gamma-ray background}",
      journal = {\jcap},
     keywords = {Astrophysics - Cosmology and Nongalactic Astrophysics, Astrophysics - High Energy Astrophysical Phenomena},
         year = 2015,
        month = sep,
       volume = {2015},
       number = {9},
          eid = {008},
        pages = {008},
          doi = {10.1088/1475-7516/2015/09/008},
archivePrefix = {arXiv},
       eprint = {1501.05464},
 primaryClass = {astro-ph.CO},
       adsurl = {https://ui.adsabs.harvard.edu/abs/2015JCAP...09..008F},
      adsnote = {Provided by the SAO/NASA Astrophysics Data System}
}


@ARTICLE{2015PhR...598....1F,
       author = {{Fornasa}, Mattia and {S{\'a}nchez-Conde}, Miguel A.},
        title = "{The nature of the Diffuse Gamma-Ray Background}",
      journal = {\physrep},
     keywords = {Astrophysics - Cosmology and Nongalactic Astrophysics, Astrophysics - High Energy Astrophysical Phenomena},
         year = 2015,
        month = oct,
       volume = {598},
        pages = {1-58},
          doi = {10.1016/j.physrep.2015.09.002},
archivePrefix = {arXiv},
       eprint = {1502.02866},
 primaryClass = {astro-ph.CO},
       adsurl = {https://ui.adsabs.harvard.edu/abs/2015PhR...598....1F},
      adsnote = {Provided by the SAO/NASA Astrophysics Data System}
}

@ARTICLE{2017ChPhC..41d5104L,
       author = {{Liu}, Wei and {Bi}, Xiao-Jun and {Lin}, Su-Jie and {Yin}, Peng-Fei},
        title = "{Constraints on dark matter annihilation and decay from the isotropic gamma-ray background}",
      journal = {Chinese Physics C},
     keywords = {Astrophysics - Cosmology and Nongalactic Astrophysics, Astrophysics - High Energy Astrophysical Phenomena, High Energy Physics - Phenomenology},
         year = 2017,
        month = apr,
       volume = {41},
       number = {4},
          eid = {045104},
        pages = {045104},
          doi = {10.1088/1674-1137/41/4/045104},
archivePrefix = {arXiv},
       eprint = {1602.01012},
 primaryClass = {astro-ph.CO},
       adsurl = {https://ui.adsabs.harvard.edu/abs/2017ChPhC..41d5104L},
      adsnote = {Provided by the SAO/NASA Astrophysics Data System}
}




% gamma IGRB and neutrinos
\citep{2013PhRvD..88l1301M, 2017ApJ...836...47B}
@ARTICLE{2013PhRvD..88l1301M,
       author = {{Murase}, Kohta and {Ahlers}, Markus and {Lacki}, Brian C.},
        title = "{Testing the hadronuclear origin of PeV neutrinos observed with IceCube}",
      journal = {\prd},
     keywords = {95.85.Ry, 98.70.Rz, 98.70.Sa, 98.70.Vc, Neutrino muon pion and other elementary particles, cosmic rays, gamma-ray sources, gamma-ray bursts, Cosmic rays, Background radiations, Astrophysics - High Energy Astrophysical Phenomena, Astrophysics - Cosmology and Extragalactic Astrophysics, High Energy Physics - Phenomenology},
         year = 2013,
        month = dec,
       volume = {88},
       number = {12},
          eid = {121301},
        pages = {121301},
          doi = {10.1103/PhysRevD.88.121301},
archivePrefix = {arXiv},
       eprint = {1306.3417},
 primaryClass = {astro-ph.HE},
       adsurl = {https://ui.adsabs.harvard.edu/abs/2013PhRvD..88l1301M},
      adsnote = {Provided by the SAO/NASA Astrophysics Data System}
}


@ARTICLE{2017ApJ...836...47B,
       author = {{Bechtol}, Keith and {Ahlers}, Markus and {Di Mauro}, Mattia and
         {Ajello}, Marco and {Vandenbroucke}, Justin},
        title = "{Evidence against Star-forming Galaxies as the Dominant Source of Icecube Neutrinos}",
      journal = {\apj},
     keywords = {galaxies: starburst, gamma rays: diffuse background, neutrinos, Astrophysics - High Energy Astrophysical Phenomena},
         year = 2017,
        month = feb,
       volume = {836},
       number = {1},
          eid = {47},
        pages = {47},
          doi = {10.3847/1538-4357/836/1/47},
archivePrefix = {arXiv},
       eprint = {1511.00688},
 primaryClass = {astro-ph.HE},
       adsurl = {https://ui.adsabs.harvard.edu/abs/2017ApJ...836...47B},
      adsnote = {Provided by the SAO/NASA Astrophysics Data System}
}

% IGRB and PBHs
%\citep{2010PhRvD..81j4019C}
@ARTICLE{2010PhRvD..81j4019C,
       author = {{Carr}, B.~J. and {Kohri}, Kazunori and {Sendouda}, Yuuiti and
         {Yokoyama}, Jun'Ichi},
        title = "{New cosmological constraints on primordial black holes}",
      journal = {\prd},
     keywords = {04.70.Dy, 95.35.+d, 97.60.Lf, 98.80.Cq, Quantum aspects of black holes evaporation thermodynamics, Dark matter, Black holes, Particle-theory and field-theory models of the early Universe, Astrophysics - Cosmology and Extragalactic Astrophysics, General Relativity and Quantum Cosmology, High Energy Physics - Phenomenology, High Energy Physics - Theory},
         year = 2010,
        month = may,
       volume = {81},
       number = {10},
          eid = {104019},
        pages = {104019},
          doi = {10.1103/PhysRevD.81.104019},
archivePrefix = {arXiv},
       eprint = {0912.5297},
 primaryClass = {astro-ph.CO},
       adsurl = {https://ui.adsabs.harvard.edu/abs/2010PhRvD..81j4019C},
      adsnote = {Provided by the SAO/NASA Astrophysics Data System}
}

@ARTICLE{saga,
       author = {{Defazio}, Aaron and {Bach}, Francis and {Lacoste-Julien}, Simon},
        title = "{SAGA: A Fast Incremental Gradient Method With Support for Non-Strongly Convex Composite Objectives}",
      journal = {arXiv e-prints},
     keywords = {Computer Science - Machine Learning, Mathematics - Optimization and Control, Statistics - Machine Learning},
         year = 2014,
        month = jul,
          eid = {arXiv:1407.0202},
        pages = {arXiv:1407.0202},
archivePrefix = {arXiv},
       eprint = {1407.0202},
 primaryClass = {cs.LG},
       adsurl = {https://ui.adsabs.harvard.edu/abs/2014arXiv1407.0202D},
      adsnote = {Provided by the SAO/NASA Astrophysics Data System}
}


@article{ll,
author = {Fan, Rong-En and Chang, Kai-Wei and Hsieh, Cho-Jui and Wang, Xiang-Rui and Lin, Chih-Jen},
title = {LIBLINEAR: A Library for Large Linear Classification},
year = {2008},
issue_date = {6/1/2008},
publisher = {JMLR.org},
volume = {9},
issn = {1532-4435},
abstract = {LIBLINEAR is an open source library for large-scale linear classification. It supports logistic regression and linear support vector machines. We provide easy-to-use command-line tools and library calls for users and developers. Comprehensive documents are available for both beginners and advanced users. Experiments demonstrate that LIBLINEAR is very efficient on large sparse data sets.},
journal = {J. Mach. Learn. Res.},
month = jun,
pages = {1871–1874},
numpages = {4}
}

 @article{lbfgs,
author = {Liu, Dong C. and Nocedal, Jorge},
title = {On the Limited Memory BFGS Method for Large Scale Optimization},
year = {1989},
issue_date = {August    1989},
publisher = {Springer-Verlag},
address = {Berlin, Heidelberg},
volume = {45},
number = {1–3},
issn = {0025-5610},
abstract = {We study the numerical performance of a limited memory quasi-Newton method for large scale optimization, which we call the L-BFGS method. We compare its performance with that of the method developed by Buckley and LeNir (1985), which combines cycles of BFGS steps and conjugate direction steps. Our numerical tests indicate that the L-BFGS method is faster than the method of Buckley and LeNir, and is better able to use additional storage to accelerate convergence. We show that the L-BFGS method can be greatly accelerated by means of a simple scaling. We then compare the L-BFGS method with the partitioned quasi-Newton method of Griewank and Toint (1982a). The results show that, for some problems, the partitioned quasi-Newton method is clearly superior to the L-BFGS method. However we find that for other problems the L-BFGS method is very competitive due to its low iteration cost. We also study the convergence properties of the L-BFGS method, and prove global convergence on uniformly convex problems.},
journal = {Math. Program.},
month = aug,
pages = {503–528},
numpages = {26},
keywords = {Large scale nonlinear optimization, conjugate gradient method, partitioned quasi-Newton method, limited memory methods}
}
@article{sag,
author = {Schmidt, Mark and Le Roux, Nicolas and Bach, Francis},
title = {Minimizing Finite Sums with the Stochastic Average Gradient},
year = {2017},
issue_date = {March     2017},
publisher = {Springer-Verlag},
address = {Berlin, Heidelberg},
volume = {162},
number = {1–2},
issn = {0025-5610},
url = {https://doi.org/10.1007/s10107-016-1030-6},
doi = {10.1007/s10107-016-1030-6},
abstract = {We analyze the stochastic average gradient (SAG) method for optimizing the sum of a finite number of smooth convex functions. Like stochastic gradient (SG) methods, the SAG method's iteration cost is independent of the number of terms in the sum. However, by incorporating a memory of previous gradient values the SAG method achieves a faster convergence rate than black-box SG methods. The convergence rate is improved from $$O(1/sqrt{k})$$O(1/k) to O(1 / k) in general, and when the sum is strongly-convex the convergence rate is improved from the sub-linear O(1 / k) to a linear convergence rate of the form $$O(rho ^k)$$O(undefinedk) for $$rho &lt; 1$$undefined&lt;1. Further, in many cases the convergence rate of the new method is also faster than black-box deterministic gradient methods, in terms of the number of gradient evaluations. This extends our earlier work Le Roux et al. (Adv Neural Inf Process Syst, 2012), which only lead to a faster rate for well-conditioned strongly-convex problems. Numerical experiments indicate that the new algorithm often dramatically outperforms existing SG and deterministic gradient methods, and that the performance may be further improved through the use of non-uniform sampling strategies.},
journal = {Math. Program.},
month = mar,
pages = {83–112},
numpages = {30},
keywords = {Stochastic gradient methods, 62L20, First-order methods, Convex optimization, 90C15, Convergence Rates, 90C06, 90C30, 68Q25, 90C25, 65K05}
}

@article{gb,
author = "Friedman, Jerome H.",
doi = "10.1214/aos/1013203451",
fjournal = "Annals of Statistics",
journal = "Ann. Statist.",
month = "10",
number = "5",
pages = "1189--1232",
publisher = "The Institute of Mathematical Statistics",
title = "Greedy function approximation: A gradient boosting 			 machine.",
url = "https://doi.org/10.1214/aos/1013203451",
volume = "29",
year = "2001"
}
