%%%%%%%%%%%%%%%%%%%%%%%%%%%%%%%%%%%%%%%%%%%%%%%%%%%%%%%%%
% Introduction


% Jean-Marc diffuse model, need to update the ref
%2016arXiv160207246A,
@ARTICLE{2016ApJS..223...26A,
   author = {{Acero}, F. and {Ackermann}, M. and {Ajello}, M. and others},
    title = "{Development of the Model of Galactic Interstellar Emission for Standard Point-source Analysis of Fermi Large Area Telescope Data}",
  journal = {\apjs},
archivePrefix = "arXiv",
   eprint = {1602.07246},
 primaryClass = "astro-ph.HE",
 keywords = {gamma rays: diffuse background, gamma rays: general, gamma rays: ISM},
     year = 2016,
    month = apr,
   volume = 223,
      eid = {26},
    pages = {26},
      doi = {10.3847/0067-0049/223/2/26},
   adsurl = {http://adsabs.harvard.edu/abs/2016ApJS..223...26A},
  adsnote = {Provided by the SAO/NASA Astrophysics Data System}
}


%DM reviews
@ARTICLE{2005PhR...405..279B,
   author = {{Bertone}, G. and {Hooper}, D. and {Silk}, J.},
    title = "{Particle dark matter: evidence, candidates and constraints}",
  journal = {\physrep},
   eprint = {hep-ph/0404175},
     year = 2005,
    month = jan,
   volume = 405,
    pages = {279-390},
      doi = {10.1016/j.physrep.2004.08.031},
   adsurl = {http://adsabs.harvard.edu/abs/2005PhR...405..279B},
  adsnote = {Provided by the SAO/NASA Astrophysics Data System}
}

% recent review
@ARTICLE{2012AnP...524..479B,
   author = {{Bergstr{\"o}m}, L.},
    title = "{Dark matter evidence, particle physics candidates and detection methods}",
  journal = {Annalen der Physik},
archivePrefix = "arXiv",
   eprint = {1205.4882},
 primaryClass = "astro-ph.HE",
     year = 2012,
    month = oct,
   volume = 524,
    pages = {479-496},
      doi = {10.1002/andp.201200116},
   adsurl = {http://adsabs.harvard.edu/abs/2012AnP...524..479B},
  adsnote = {Provided by the SAO/NASA Astrophysics Data System}
}

% Thermal relic cross section
@ARTICLE{2012PhRvD..86b3506S,
   author = {{Steigman}, G. and {Dasgupta}, B. and {Beacom}, J.~F.},
    title = "{Precise relic WIMP abundance and its impact on searches for dark matter annihilation}",
  journal = {\prd},
archivePrefix = "arXiv",
   eprint = {1204.3622},
 primaryClass = "hep-ph",
 keywords = {Dark matter},
     year = 2012,
    month = jul,
   volume = 86,
   number = 2,
      eid = {023506},
    pages = {023506},
      doi = {10.1103/PhysRevD.86.023506},
   adsurl = {http://adsabs.harvard.edu/abs/2012PhRvD..86b3506S},
  adsnote = {Provided by the SAO/NASA Astrophysics Data System}
}


% DM in the Gal center
@ARTICLE{2008Natur.456...73S,
   author = {{Springel}, V. and {White}, S.~D.~M. and {Frenk}, C.~S. and others},
    title = "{Prospects for detecting supersymmetric dark matter in the Galactic halo}",
  journal = {\nat},
archivePrefix = "arXiv",
   eprint = {0809.0894},
     year = 2008,
    month = nov,
   volume = 456,
    pages = {73-76},
      doi = {10.1038/nature07411},
   adsurl = {http://adsabs.harvard.edu/abs/2008Natur.456...73S},
  adsnote = {Provided by the SAO/NASA Astrophysics Data System}
}

% Kuhlen DM signal in MW-like galaxy
@ARTICLE{2009Sci...325..970K,
   author = {{Kuhlen}, M. and {Madau}, P. and {Silk}, J.},
    title = "{Exploring Dark Matter with Milky Way Substructure}",
  journal = {Science},
archivePrefix = "arXiv",
   eprint = {0907.0005},
 primaryClass = "astro-ph.GA",
     year = 2009,
    month = aug,
   volume = 325,
    pages = {970},
      doi = {10.1126/science.1174881},
   adsurl = {http://adsabs.harvard.edu/abs/2009Sci...325..970K},
  adsnote = {Provided by the SAO/NASA Astrophysics Data System}
}


% DM profile in presence of baryons
@ARTICLE{2011ApJ...742...76G,
   author = {{Guedes}, J. and {Callegari}, S. and {Madau}, P. and {Mayer}, L.
	},
    title = "{Forming Realistic Late-type Spirals in a {$\Lambda$}CDM Universe: The Eris Simulation}",
  journal = {\apj},
archivePrefix = "arXiv",
   eprint = {1103.6030},
 keywords = {galaxies: formation},
     year = 2011,
    month = dec,
   volume = 742,
      eid = {76},
    pages = {76},
      doi = {10.1088/0004-637X/742/2/76},
   adsurl = {http://adsabs.harvard.edu/abs/2011ApJ...742...76G},
  adsnote = {Provided by the SAO/NASA Astrophysics Data System}
}


% CMZ paper
@ARTICLE{2007A&A...467..611F,
   author = {{Ferri{\`e}re}, K. and {Gillard}, W. and {Jean}, P.},
    title = "{Spatial distribution of interstellar gas in the innermost 3 kpc of our galaxy}",
  journal = {\aap},
   eprint = {astro-ph/0702532},
 keywords = {ISM: general, ISM: structure, ISM: kinematics and dynamics, Galaxy: structure, ISM: molecules, ISM: atoms},
     year = 2007,
    month = may,
   volume = 467,
    pages = {611-627},
      doi = {10.1051/0004-6361:20066992},
   adsurl = {http://adsabs.harvard.edu/abs/2007A%26A...467..611F},
  adsnote = {Provided by the SAO/NASA Astrophysics Data System}
}


% bulge paper
@ARTICLE{2000MNRAS.313..392L,
   author = {{L{\'o}pez-Corredoira}, M. and {Hammersley}, P.~L. and {Garz{\'o}n}, F. and
	{Simonneau}, E. and {Mahoney}, T.~J.},
    title = "{Inversion of stellar statistics equation for the Galactic bulge}",
  journal = {\mnras},
   eprint = {astro-ph/9911182},
 keywords = {STARS: STATISTICS, GALAXY: STELLAR CONTENT, GALAXY: STRUCTURE, INFRARED: STARS},
     year = 2000,
    month = apr,
   volume = 313,
    pages = {392-410},
      doi = {10.1046/j.1365-8711.2000.03220.x},
   adsurl = {http://adsabs.harvard.edu/abs/2000MNRAS.313..392L},
  adsnote = {Provided by the SAO/NASA Astrophysics Data System}
}

% new bulge paper
@ARTICLE{2012A&A...538A.106R,
   author = {{Robin}, A.~C. and {Marshall}, D.~J. and {Schultheis}, M. and 
	{Reyl{\'e}}, C.},
    title = "{Stellar populations in the Milky Way bulge region: towards solving the Galactic bulge and bar shapes using 2MASS data}",
  journal = {\aap},
archivePrefix = "arXiv",
   eprint = {1111.5744},
 keywords = {Galaxy: bulge, Galaxy: general, Galaxy: stellar content, Galaxy: structure, Galaxy: center, Galaxy: evolution},
     year = 2012,
    month = feb,
   volume = 538,
      eid = {A106},
    pages = {A106},
      doi = {10.1051/0004-6361/201116512},
   adsurl = {http://adsabs.harvard.edu/abs/2012A%26A...538A.106R},
  adsnote = {Provided by the SAO/NASA Astrophysics Data System}
}


% star formation in CMZ - 1% - 5.6% depending on the size included in CMZ
@ARTICLE{2013MNRAS.429..987L,
   author = {{Longmore}, S.~N. and {Bally}, J. and {Testi}, L. and others
	},
    title = "{Variations in the Galactic star formation rate and density thresholds for star formation}",
  journal = {\mnras},
archivePrefix = "arXiv",
   eprint = {1208.4256},
 keywords = {masers, stars: formation, stars: massive, ISM: clouds, ISM: evolution, Galaxy: centre},
     year = 2013,
    month = feb,
   volume = 429,
    pages = {987-1000},
      doi = {10.1093/mnras/sts376},
   adsurl = {http://adsabs.harvard.edu/abs/2013MNRAS.429..987L},
  adsnote = {Provided by the SAO/NASA Astrophysics Data System}
}

% Wolf-Rayet stars in CMZ - 13% of SFR
@ARTICLE{2015MNRAS.447.2322R,
   author = {{Rosslowe}, C.~K. and {Crowther}, P.~A.},
    title = "{Spatial distribution of Galactic Wolf-Rayet stars and implications for the global population}",
  journal = {\mnras},
archivePrefix = "arXiv",
   eprint = {1412.0699},
 primaryClass = "astro-ph.SR",
 keywords = {stars: distances, stars: evolution, stars: massive, stars: Wolf-Rayet, Galaxy: disc, infrared: stars},
     year = 2015,
    month = mar,
   volume = 447,
    pages = {2322-2347},
      doi = {10.1093/mnras/stu2525},
   adsurl = {http://adsabs.harvard.edu/abs/2015MNRAS.447.2322R},
  adsnote = {Provided by the SAO/NASA Astrophysics Data System}
}

% Star formation from YSO - young stellar objects \citep{2009ApJ...702..178Y, 2012A&A...537A.121I}

@ARTICLE{2009ApJ...702..178Y,
   author = {{Yusef-Zadeh}, F. and {Hewitt}, J.~W. and {Arendt}, R.~G. and others
	},
    title = "{Star Formation in the Central 400 pc of the Milky Way: Evidence for a Population of Massive Young Stellar Objects}",
  journal = {\apj},
archivePrefix = "arXiv",
   eprint = {0905.2161},
 primaryClass = "astro-ph.GA",
 keywords = {galaxies: starburst, Galaxy: center, ISM: clouds, masers, stars: formation},
     year = 2009,
    month = sep,
   volume = 702,
    pages = {178-225},
      doi = {10.1088/0004-637X/702/1/178},
   adsurl = {http://adsabs.harvard.edu/abs/2009ApJ...702..178Y},
  adsnote = {Provided by the SAO/NASA Astrophysics Data System}
}

@ARTICLE{2012A&A...537A.121I,
   author = {{Immer}, K. and {Schuller}, F. and {Omont}, A. and {Menten}, K.~M.
	},
    title = "{Recent star formation in the inner Galactic bulge seen by ISOGAL. II. The central molecular zone}",
  journal = {\aap},
archivePrefix = "arXiv",
   eprint = {1111.3295},
 primaryClass = "astro-ph.GA",
 keywords = {stars: formation, infrared: stars, Galaxy: stellar content, Hii regions, Galaxy: center},
     year = 2012,
    month = jan,
   volume = 537,
      eid = {A121},
    pages = {A121},
      doi = {10.1051/0004-6361/201117857},
   adsurl = {http://adsabs.harvard.edu/abs/2012A%26A...537A.121I},
  adsnote = {Provided by the SAO/NASA Astrophysics Data System}
}



% OB star distribution
@ARTICLE{2000A&A...358..521B,
   author = {{Bronfman}, L. and {Casassus}, S. and {May}, J. and {Nyman}, L.-{\AA}.
	},
    title = "{The radial distribution of OB star formation in the Galaxy}",
  journal = {\aap},
   eprint = {astro-ph/0006104},
 keywords = {GALAXY: STRUCTURE, INFRARED: ISM: CONTINUUM, ISM: CLOUDS, ISM: H II REGIONS, ISM: MOLECULES},
     year = 2000,
    month = jun,
   volume = 358,
    pages = {521-534},
   adsurl = {http://adsabs.harvard.edu/abs/2000A%26A...358..521B},
  adsnote = {Provided by the SAO/NASA Astrophysics Data System}
}


% Yusifov pulsar distribution used in GALPROP
@ARTICLE{2004A&A...422..545Y,
   author = {{Yusifov}, I. and {K{\"u}{\c c}{\"u}k}, I.},
    title = "{Revisiting the radial distribution of pulsars in the Galaxy}",
  journal = {\aap},
   eprint = {astro-ph/0405559},
 keywords = {pulsars: general, Galaxy: structure},
     year = 2004,
    month = aug,
   volume = 422,
    pages = {545-553},
      doi = {10.1051/0004-6361:20040152},
   adsurl = {http://adsabs.harvard.edu/abs/2004A%26A...422..545Y},
  adsnote = {Provided by the SAO/NASA Astrophysics Data System}
}

% LAB survey
@ARTICLE{2005A&A...440..775K,
   author = {{Kalberla}, P.~M.~W. and {Burton}, W.~B. and {Hartmann}, D. and
	{Arnal}, E.~M. and {Bajaja}, E. and {Morras}, R. and {P{\"o}ppel}, W.~G.~L.
	},
    title = "{The Leiden/Argentine/Bonn (LAB) Survey of Galactic HI. Final data release of the combined LDS and IAR surveys with improved stray-radiation corrections}",
  journal = {\aap},
   eprint = {astro-ph/0504140},
 keywords = {surveys, radio lines: ISM, Galaxy: structure},
     year = 2005,
    month = sep,
   volume = 440,
    pages = {775-782},
      doi = {10.1051/0004-6361:20041864},
   adsurl = {http://adsabs.harvard.edu/abs/2005A%26A...440..775K},
  adsnote = {Provided by the SAO/NASA Astrophysics Data System}
}


% CfA CO survey
@ARTICLE{2001ApJ...547..792D,
   author = {{Dame}, T.~M. and {Hartmann}, D. and {Thaddeus}, P.},
    title = "{The Milky Way in Molecular Clouds: A New Complete CO Survey}",
  journal = {\apj},
   eprint = {astro-ph/0009217},
 keywords = {Galaxy: Structure, ISM: Clouds, ISM: Molecules, Radio Lines: ISM, Galaxy: Solar Neighborhood, Stars: Formation},
     year = 2001,
    month = feb,
   volume = 547,
    pages = {792-813},
      doi = {10.1086/318388},
   adsurl = {http://adsabs.harvard.edu/abs/2001ApJ...547..792D},
  adsnote = {Provided by the SAO/NASA Astrophysics Data System}
}

% Collaboration Fermi bubble paper
@ARTICLE{2014ApJ...793...64A,
   author = {{Ackermann}, M. and {Albert}, A. and {Atwood}, W.~B. and others},
    title = "{The Spectrum and Morphology of the Fermi Bubbles}",
  journal = {\apj},
archivePrefix = "arXiv",
   eprint = {1407.7905},
 primaryClass = "astro-ph.HE",
 keywords = {astroparticle physics, cosmic rays, Galaxy: general, Galaxy: halo, gamma rays: diffuse background, methods: data analysis },
     year = 2014,
    month = sep,
   volume = 793,
      eid = {64},
    pages = {64},
      doi = {10.1088/0004-637X/793/1/64},
   adsurl = {http://adsabs.harvard.edu/abs/2014ApJ...793...64A},
  adsnote = {Provided by the SAO/NASA Astrophysics Data System}
}


% Crocker's paper on Loop I
% 2015arXiv150803889S,
@ARTICLE{2015ApJ...811...40S,
   author = {{Sun}, X.~H. and {Landecker}, T.~L. and {Gaensler}, B.~M. and others},
    title = "{Faraday Tomography of the North Polar Spur: Constraints on the Distance to the Spur and on the Magnetic Field of the Galaxy}",
  journal = {\apj},
archivePrefix = "arXiv",
   eprint = {1508.03889},
 keywords = {Galaxy: center, Galaxy: structure, ISM: individual objects: North Polar Spur, ISM: magnetic fields, ISM: structure, polarization},
     year = 2015,
    month = sep,
   volume = 811,
      eid = {40},
    pages = {40},
      doi = {10.1088/0004-637X/811/1/40},
   adsurl = {http://adsabs.harvard.edu/abs/2015ApJ...811...40S},
  adsnote = {Provided by the SAO/NASA Astrophysics Data System}
}

% Fermi-LAT instrument paper
@ARTICLE{2009ApJ...697.1071A,
   author = {{Atwood}, W.~B. and {Abdo}, A.~A. and {Ackermann}, M. and others},
    title = "{The Large Area Telescope on the Fermi Gamma-Ray Space Telescope Mission}",
  journal = {\apj},
archivePrefix = "arXiv",
   eprint = {0902.1089},
 primaryClass = "astro-ph.IM",
 keywords = {cosmic rays, galaxies: active, Galaxy: general, gamma rays: observations, Sun: X-rays, gamma rays, telescopes},
     year = 2009,
    month = jun,
   volume = 697,
    pages = {1071-1102},
      doi = {10.1088/0004-637X/697/2/1071},
   adsurl = {http://adsabs.harvard.edu/abs/2009ApJ...697.1071A},
  adsnote = {Provided by the SAO/NASA Astrophysics Data System}
}

% dark gas
@ARTICLE{2005Sci...307.1292G,
   author = {{Grenier}, I.~A. and {Casandjian}, J.-M. and {Terrier}, R.},
    title = "{Unveiling Extensive Clouds of Dark Gas in the Solar Neighborhood}",
  journal = {Science},
     year = 2005,
    month = feb,
   volume = 307,
    pages = {1292-1295},
      doi = {10.1126/science.1106924},
   adsurl = {http://adsabs.harvard.edu/abs/2005Sci...307.1292G},
  adsnote = {Provided by the SAO/NASA Astrophysics Data System}
}

% uncertainty of nuclear production
@ARTICLE{2012PhRvL.109i1101D,
   author = {{Dermer}, C.~D.},
    title = "{Diffuse Galactic Gamma Rays from Shock-Accelerated Cosmic Rays}",
  journal = {Physical Review Letters},
archivePrefix = "arXiv",
   eprint = {1206.2899},
 primaryClass = "astro-ph.HE",
 keywords = {gamma-ray, Interstellar medium  and nebulae in Milky Way, gamma-ray sources, gamma-ray bursts, Cosmic rays},
     year = 2012,
    month = aug,
   volume = 109,
   number = 9,
      eid = {091101},
    pages = {091101},
      doi = {10.1103/PhysRevLett.109.091101},
   adsurl = {http://adsabs.harvard.edu/abs/2012PhRvL.109i1101D},
  adsnote = {Provided by the SAO/NASA Astrophysics Data System}
}

% 6 Myr old population of stars near Galactic center
@ARTICLE{2006ApJ...643.1011P,
   author = {{Paumard}, T. and {Genzel}, R. and {Martins}, F. and {Nayakshin}, S. and
	{Beloborodov}, A.~M. and {Levin}, Y. and {Trippe}, S. and {Eisenhauer}, F. and
	{Ott}, T. and {Gillessen}, S. and {Abuter}, R. and {Cuadra}, J. and
	{Alexander}, T. and {Sternberg}, A.},
    title = "{The Two Young Star Disks in the Central Parsec of the Galaxy: Properties, Dynamics, and Formation}",
  journal = {\apj},
   eprint = {arXiv:astro-ph/0601268},
 keywords = {Galaxy: Center, Stars: Early-Type, Stars: Formation, Stars: Luminosity Function, Mass Function, Stellar Dynamics},
     year = 2006,
    month = jun,
   volume = 643,
    pages = {1011-1035},
      doi = {10.1086/503273},
   adsurl = {http://adsabs.harvard.edu/abs/2006ApJ...643.1011P},
  adsnote = {Provided by the SAO/NASA Astrophysics Data System}
}

% SFD map
@article{Schlegel:1997yv,
      author         = "Schlegel, David J. and Finkbeiner, Douglas P. and Davis,
                        Marc",
      title          = "{Maps of dust IR emission for use in estimation of
                        reddening and CMBR foregrounds}",
      journal        = {\apj},
      volume         = "500",
      pages          = "525",
      doi            = "10.1086/305772",
      year           = "1998",
      eprint         = "astro-ph/9710327",
      archivePrefix  = "arXiv",
      primaryClass   = "astro-ph",
      SLACcitation   = "%%CITATION = ASTRO-PH/9710327;%%",
}

@ARTICLE{2013arXiv1303.3514A,
   author = {{Atwood}, W. and {Albert}, A. and {Baldini}, L. and others
	},
    title = "{Pass 8: Toward the Full Realization of the Fermi-LAT Scientific Potential}",
  journal = {ArXiv:1303.3514},
archivePrefix = "arXiv",
   eprint = {1303.3514},
 primaryClass = "astro-ph.IM",
 keywords = {Astrophysics - Instrumentation and Methods for Astrophysics, Astrophysics - High Energy Astrophysical Phenomena},
     year = 2013,
    month = mar,
   adsurl = {http://adsabs.harvard.edu/abs/2013arXiv1303.3514A},
  adsnote = {Provided by the SAO/NASA Astrophysics Data System}
}



% original WMAP haze paper
@ARTICLE{2004ApJ...614..186F,
   author = {{Finkbeiner}, D.~P.},
    title = "{Microwave Interstellar Medium Emission Observed by the Wilkinson Microwave Anisotropy Probe}",
  journal = {\apj},
   eprint = {arXiv:astro-ph/0311547},
 keywords = {Cosmology: Cosmic Microwave Background, ISM: Dust, Extinction, ISM: Clouds, Radiation Mechanisms: Thermal, Radio Continuum: ISM},
     year = 2004,
    month = oct,
   volume = 614,
    pages = {186-193},
      doi = {10.1086/423482},
   adsurl = {http://adsabs.harvard.edu/abs/2004ApJ...614..186F},
  adsnote = {Provided by the SAO/NASA Astrophysics Data System}
}

% DM interpretation of the WMAP haze

@ARTICLE{2007PhRvD..76h3012H,
   author = {{Hooper}, D. and {Finkbeiner}, D.~P. and {Dobler}, G.},
    title = "{Possible evidence for dark matter annihilations from the excess microwave emission around the center of the Galaxy seen by the Wilkinson Microwave Anisotropy Probe}",
  journal = {\prd},
archivePrefix = "arXiv",
   eprint = {0705.3655},
 keywords = {Background radiations, Dark matter, gamma-ray sources, gamma-ray bursts},
     year = 2007,
    month = oct,
   volume = 76,
   number = 8,
      eid = {083012},
    pages = {083012},
      doi = {10.1103/PhysRevD.76.083012},
   adsurl = {http://adsabs.harvard.edu/abs/2007PhRvD..76h3012H},
  adsnote = {Provided by the SAO/NASA Astrophysics Data System}
}

% latitude stripes
% Hooper:2013rwa
@ARTICLE{2013PDU.....2..118H,
   author = {{Hooper}, D. and {Slatyer}, T.~R.},
    title = "{Two emission mechanisms in the Fermi Bubbles: A possible signal of annihilating dark matter}",
  journal = {Physics of the Dark Universe},
archivePrefix = "arXiv",
   eprint = {1302.6589},
 primaryClass = "astro-ph.HE",
     year = 2013,
    month = sep,
   volume = 2,
    pages = {118-138},
      doi = {10.1016/j.dark.2013.06.003},
   adsurl = {http://adsabs.harvard.edu/abs/2013PDU.....2..118H},
  adsnote = {Provided by the SAO/NASA Astrophysics Data System}
}

% more latitude stripes
@ARTICLE{2014arXiv1402.0403Y,
   author = {{Yang}, R.-z. and {Aharonian}, F. and {Crocker}, R.},
    title = "{The Fermi Bubbles Revisited}",
  journal = {ArXiv:1402.0403},
archivePrefix = "arXiv:1402.0403",
   eprint = {1402.0403},
 primaryClass = "astro-ph.HE",
 keywords = {Astrophysics - High Energy Astrophysical Phenomena},
     year = 2014,
    month = feb,
   adsurl = {http://adsabs.harvard.edu/abs/2014arXiv1402.0403Y},
  adsnote = {Provided by the SAO/NASA Astrophysics Data System}
}


% DM explanation for the WMAP an Fermi haze
@ARTICLE{2011ApJ...741...25D,
   author = {{Dobler}, G. and {Cholis}, I. and {Weiner}, N.},
    title = "{The Fermi Gamma-Ray Haze from Dark Matter Annihilations and Anisotropic Diffusion}",
  journal = {\apj},
archivePrefix = "arXiv",
   eprint = {1102.5095},
 primaryClass = "astro-ph.HE",
 keywords = {astroparticle physics, dark matter, diffusion, Galaxy: halo, gamma rays: ISM},
     year = 2011,
    month = nov,
   volume = 741,
      eid = {25},
    pages = {25},
      doi = {10.1088/0004-637X/741/1/25},
   adsurl = {http://adsabs.harvard.edu/abs/2011ApJ...741...25D},
  adsnote = {Provided by the SAO/NASA Astrophysics Data System}
}

% DM and astro explanation of gamma-ray haze
@ARTICLE{2010ApJ...722.1939M,
   author = {{Malyshev}, D. and {Cholis}, I. and {Gelfand}, J.~D.},
    title = "{Fermi Gamma-ray Haze Via Dark Matter and Millisecond Pulsars}",
  journal = {\apj},
archivePrefix = "arXiv",
   eprint = {1002.0587},
 primaryClass = "astro-ph.HE",
 keywords = {cosmic rays, dark matter, Galaxy: halo, gamma rays: diffuse background, pulsars: general},
     year = 2010,
    month = oct,
   volume = 722,
    pages = {1939-1945},
      doi = {10.1088/0004-637X/722/2/1939},
   adsurl = {http://adsabs.harvard.edu/abs/2010ApJ...722.1939M},
  adsnote = {Provided by the SAO/NASA Astrophysics Data System}
}


% original bubbles paper Su et al
% \citep{2010ApJ...724.1044S}
@ARTICLE{2010ApJ...724.1044S,
   author = {{Su}, M. and {Slatyer}, T.~R. and {Finkbeiner}, D.~P.},
    title = "{Giant Gamma-ray Bubbles from Fermi-LAT: Active Galactic Nucleus Activity or Bipolar Galactic Wind?}",
  journal = {\apj},
archivePrefix = "arXiv",
   eprint = {1005.5480},
 primaryClass = "astro-ph.HE",
 keywords = {galaxies: active, galaxies: starburst, gamma rays: diffuse background, ISM: jets and outflows},
     year = 2010,
    month = dec,
   volume = 724,
    pages = {1044-1082},
      doi = {10.1088/0004-637X/724/2/1044},
   adsurl = {http://adsabs.harvard.edu/abs/2010ApJ...724.1044S},
  adsnote = {Provided by the SAO/NASA Astrophysics Data System}
}

% Spectral components analysis derivation
@ARTICLE{2012arXiv1202.1034M,
   author = {{Malyshev}, D.},
    title = "{Spectral components analysis of diffuse emission processes}",
  journal = {ArXiv:1202.1034},
archivePrefix = "arXiv",
   eprint = {1202.1034},
 primaryClass = "astro-ph.IM",
 keywords = {Astrophysics - Instrumentation and Methods for Astrophysics, Astrophysics - Cosmology and Extragalactic Astrophysics, Astrophysics - Galaxy Astrophysics, Astrophysics - High Energy Astrophysical Phenomena},
     year = 2012,
    month = feb,
   adsurl = {http://adsabs.harvard.edu/abs/2012arXiv1202.1034M},
  adsnote = {Provided by the SAO/NASA Astrophysics Data System}
}



% \cite{2012ApJ...753...61S}
@ARTICLE{2012ApJ...753...61S,
   author = {{Su}, M. and {Finkbeiner}, D.~P.},
    title = "{Evidence for Gamma-Ray Jets in the Milky Way}",
  journal = {\apj},
archivePrefix = "arXiv",
   eprint = {1205.5852},
 primaryClass = "astro-ph.HE",
 keywords = {galaxies: active, galaxies: starburst, gamma rays: galaxies, ISM: jets and outflows},
     year = 2012,
    month = jul,
   volume = 753,
      eid = {61},
    pages = {61},
      doi = {10.1088/0004-637X/753/1/61},
   adsurl = {http://adsabs.harvard.edu/abs/2012ApJ...753...61S},
  adsnote = {Provided by the SAO/NASA Astrophysics Data System}
}

% Gamma-ray haze
@ARTICLE{2010ApJ...717..825D,
   author = {{Dobler}, G. and {Finkbeiner}, D.~P. and {Cholis}, I. and others},
    title = "{The Fermi Haze: A Gamma-ray Counterpart to the Microwave Haze}",
  journal = {\apj},
archivePrefix = "arXiv",
   eprint = {0910.4583},
 primaryClass = "astro-ph.HE",
 keywords = {gamma rays: general, gamma rays: ISM},
     year = 2010,
    month = jul,
   volume = 717,
    pages = {825-842},
      doi = {10.1088/0004-637X/717/2/825},
   adsurl = {http://adsabs.harvard.edu/abs/2010ApJ...717..825D},
  adsnote = {Provided by the SAO/NASA Astrophysics Data System}
}


% correlation with WMAP polarization
% bubbles end where polarization starts: template subtraction method problems?

@ARTICLE{2012ApJ...747L..12J,
   author = {{Jones}, D.~I. and {Crocker}, R.~M. and {Reich}, W. and others},
    title = "{Magnetic Substructure in the Northern Fermi Bubble Revealed by Polarized Microwave Emission}",
  journal = {\apjl},
archivePrefix = "arXiv",
   eprint = {1201.4491},
 primaryClass = "astro-ph.HE",
 keywords = {Galaxy: center, Galaxy: kinematics and dynamics, Galaxy: structure, ISM: bubbles, ISM: jets and outflows, ISM: magnetic fields},
     year = 2012,
    month = mar,
   volume = 747,
      eid = {L12},
    pages = {L12},
      doi = {10.1088/2041-8205/747/1/L12},
   adsurl = {http://adsabs.harvard.edu/abs/2012ApJ...747L..12J},
  adsnote = {Provided by the SAO/NASA Astrophysics Data System}
}

% ROSAT survey (used by Su and Finkbeiner to correlate with Fermi data)
@ARTICLE{1997ApJ...485..125S,
   author = {{Snowden}, S.~L. and {Egger}, R. and {Freyberg}, M.~J. and others},
    title = "{ROSAT Survey Diffuse X-Ray Background Maps. II.}",
  journal = {\apj},
 keywords = {COSMOLOGY: DIFFUSE RADIATION, GALAXY: CENTER, SURVEYS, X-RAYS: GALAXIES, X-RAYS: ISM},
     year = 1997,
    month = aug,
   volume = 485,
    pages = {125},
      doi = {10.1086/304399},
   adsurl = {http://adsabs.harvard.edu/abs/1997ApJ...485..125S},
  adsnote = {Provided by the SAO/NASA Astrophysics Data System}
}


% wmap haze edges
@ARTICLE{2012ApJ...750...17D,
   author = {{Dobler}, G.},
    title = "{A Last Look at the Microwave Haze/Bubbles with WMAP}",
  journal = {\apj},
archivePrefix = "arXiv",
   eprint = {1109.4418},
 primaryClass = "astro-ph.GA",
 keywords = {Galaxy: center, ISM: bubbles, ISM: structure, radio continuum: ISM},
     year = 2012,
    month = may,
   volume = 750,
      eid = {17},
    pages = {17},
      doi = {10.1088/0004-637X/750/1/17},
   adsurl = {http://adsabs.harvard.edu/abs/2012ApJ...750...17D},
  adsnote = {Provided by the SAO/NASA Astrophysics Data System}
}

%WMAP haze
@article{Pietrobon:2011hh,
      author         = "Pietrobon, Davide and Gorski, Krzysztof M. and Bartlett,
                        James and others",
      title          = "{Analysis of WMAP 7-year Temperature Data: Astrophysics
                        of the Galactic Haze}",
      journal        = "\apj",
      volume         = "755",
      pages          = "69",
      doi            = "10.1088/0004-637X/755/1/69",
      year           = "2012",
      eprint         = "1110.5418",
      archivePrefix  = "arXiv",
      primaryClass   = "astro-ph.GA",
      SLACcitation   = "%%CITATION = ARXIV:1110.5418;%%",
}

% Planck haze
@ARTICLE{2013A&A...554A.139P,
   author = {{Ade}, P.~A.~R. and {Aghanim}, N. and
	{Arnaud}, M. and others},
    title = "{Planck intermediate results. IX. Detection of the Galactic haze with Planck}",
  journal = {\aap},
archivePrefix = "arXiv",
   eprint = {1208.5483},
 primaryClass = "astro-ph.GA",
 keywords = {Galaxy: nucleus, ISM: structure, ISM: bubbles, radio continuum: ISM},
     year = 2013,
    month = jun,
   volume = 554,
      eid = {A139},
    pages = {A139},
      doi = {10.1051/0004-6361/201220271},
   adsurl = {http://adsabs.harvard.edu/abs/2013A%26A...554A.139P},
  adsnote = {Provided by the SAO/NASA Astrophysics Data System}
}


% \citep{2013Natur.493...66C}
@ARTICLE{2013Natur.493...66C,
   author = {{Carretti}, E. and {Crocker}, R.~M. and {Staveley-Smith}, L. and others},
    title = "{Giant magnetized outflows from the centre of the Milky Way}",
  journal = {\nat},
archivePrefix = "arXiv",
   eprint = {1301.0512},
 primaryClass = "astro-ph.GA",
     year = 2013,
    month = jan,
   volume = 493,
    pages = {66-69},
      doi = {10.1038/nature11734},
   adsurl = {http://adsabs.harvard.edu/abs/2013Natur.493...66C},
  adsnote = {Provided by the SAO/NASA Astrophysics Data System}
}


% neutrinos to discriminate leptons from hadrons
%@ARTICLE{2011arXiv1112.4799L}

@ARTICLE{2012PhRvL.108v1102L,
   author = {{Lunardini}, C. and {Razzaque}, S.},
    title = "{High Energy Neutrinos from the Fermi Bubbles}",
  journal = {Physical Review Letters},
archivePrefix = "arXiv",
   eprint = {1112.4799},
 primaryClass = "astro-ph.HE",
 keywords = {gamma-ray sources, gamma-ray bursts, Neutrino muon pion and other elementary particles, cosmic rays, Cosmic rays},
     year = 2012,
    month = jun,
   volume = 108,
   number = 22,
      eid = {221102},
    pages = {221102},
      doi = {10.1103/PhysRevLett.108.221102},
   adsurl = {http://adsabs.harvard.edu/abs/2012PhRvL.108v1102L},
  adsnote = {Provided by the SAO/NASA Astrophysics Data System}
}


@ARTICLE{2013arXiv1308.5260A,
   author = {{Adri{\'a}n-Mart{\'{\i}}nez}, S. and
	{Albert}, A. and {Samarai}, I.~A. and others},
    title = "{A Search for Neutrino Emission from the Fermi Bubbles with the ANTARES Telescope}",
  journal = {ArXiv:1308.5260},
archivePrefix = "arXiv",
   eprint = {1308.5260},
 primaryClass = "astro-ph.HE",
 keywords = {Astrophysics - High Energy Astrophysical Phenomena},
     year = 2013,
    month = aug,
   adsurl = {http://adsabs.harvard.edu/abs/2013arXiv1308.5260A},
  adsnote = {Provided by the SAO/NASA Astrophysics Data System}
}

@ARTICLE{2013arXiv1309.4077A,
   author = {{Ahlers}, M. and {Murase}, K.},
    title = "{Probing the Galactic Origin of the IceCube Excess with Gamma-Rays}",
  journal = {ArXiv:1309.4077},
archivePrefix = "arXiv",
   eprint = {1309.4077},
 primaryClass = "astro-ph.HE",
 keywords = {Astrophysics - High Energy Astrophysical Phenomena},
     year = 2013,
    month = sep,
   adsurl = {http://adsabs.harvard.edu/abs/2013arXiv1309.4077A},
  adsnote = {Provided by the SAO/NASA Astrophysics Data System}
}


@ARTICLE{2013arXiv1311.7188L,
   author = {{Lunardini}, C. and {Razzaque}, S. and {Theodoseau}, K.~T. and others},
    title = "{Neutrino Events at IceCube and the Fermi Bubbles}",
  journal = {ArXiv:1311.7188},
archivePrefix = "arXiv",
   eprint = {1311.7188},
 primaryClass = "astro-ph.HE",
 keywords = {Astrophysics - High Energy Astrophysical Phenomena},
     year = 2013,
    month = nov,
   adsurl = {http://adsabs.harvard.edu/abs/2013arXiv1311.7188L},
  adsnote = {Provided by the SAO/NASA Astrophysics Data System}
}




% Seyfert activity possibly related to FB
@ARTICLE{2013ApJ...778...58B,
   author = {{Bland-Hawthorn}, J. and {Maloney}, P.~R. and {Sutherland}, R.~S. and others},
    title = "{Fossil Imprint of a Powerful Flare at the Galactic Center along the Magellanic Stream}",
  journal = {\apj},
archivePrefix = "arXiv",
   eprint = {1309.5455},
 primaryClass = "astro-ph.GA",
 keywords = {accretion, accretion disks, galaxies: jets, galaxies: Seyfert, Galaxy: center, Galaxy: nucleus, Local Group },
     year = 2013,
    month = nov,
   volume = 778,
      eid = {58},
    pages = {58},
      doi = {10.1088/0004-637X/778/1/58},
   adsurl = {http://adsabs.harvard.edu/abs/2013ApJ...778...58B},
  adsnote = {Provided by the SAO/NASA Astrophysics Data System}
}



% AGN explanation of bubbles
%\citep{2012ApJ...756..181G, 2012ApJ...756..182G, 2012ApJ...761..185Y}

%@ARTICLE{2011arXiv1103.0055G}

@ARTICLE{2012ApJ...756..181G,
   author = {{Guo}, F. and {Mathews}, W.~G.},
    title = "{The Fermi Bubbles. I. Possible Evidence for Recent AGN Jet Activity in the Galaxy}",
  journal = {\apj},
archivePrefix = "arXiv",
   eprint = {1103.0055},
 primaryClass = "astro-ph.HE",
 keywords = {cosmic rays, galaxies: active, galaxies: jets, Galaxy: nucleus, gamma rays: galaxies},
     year = 2012,
    month = sep,
   volume = 756,
      eid = {181},
    pages = {181},
      doi = {10.1088/0004-637X/756/2/181},
   adsurl = {http://adsabs.harvard.edu/abs/2012ApJ...756..181G},
  adsnote = {Provided by the SAO/NASA Astrophysics Data System}
}


%@ARTICLE{2011arXiv1110.0834G}
@ARTICLE{2012ApJ...756..182G,
   author = {{Guo}, F. and {Mathews}, W.~G. and {Dobler}, G. and others},
    title = "{The Fermi Bubbles. II. The Potential Roles of Viscosity and Cosmic-Ray Diffusion in Jet Models}",
  journal = {\apj},
archivePrefix = "arXiv",
   eprint = {1110.0834},
 primaryClass = "astro-ph.HE",
 keywords = {cosmic rays, galaxies: active, galaxies: jets, Galaxy: nucleus, gamma rays: galaxies},
     year = 2012,
    month = sep,
   volume = 756,
      eid = {182},
    pages = {182},
      doi = {10.1088/0004-637X/756/2/182},
   adsurl = {http://adsabs.harvard.edu/abs/2012ApJ...756..182G},
  adsnote = {Provided by the SAO/NASA Astrophysics Data System}
}


@ARTICLE{2012ApJ...761..185Y,
   author = {{Yang}, H.-Y.~K. and {Ruszkowski}, M. and {Ricker}, P.~M. and others},
    title = "{The Fermi Bubbles: Supersonic Active Galactic Nucleus Jets with Anisotropic Cosmic-Ray Diffusion}",
  journal = {\apj},
archivePrefix = "arXiv",
   eprint = {1207.4185},
 primaryClass = "astro-ph.GA",
 keywords = {cosmic rays, diffusion, Galaxy: nucleus, gamma rays: galaxies, magnetohydrodynamics: MHD, methods: numerical },
     year = 2012,
    month = dec,
   volume = 761,
      eid = {185},
    pages = {185},
      doi = {10.1088/0004-637X/761/2/185},
   adsurl = {http://adsabs.harvard.edu/abs/2012ApJ...761..185Y},
  adsnote = {Provided by the SAO/NASA Astrophysics Data System}
}

% spherical outflow from GC
@ARTICLE{2011MNRAS.415L..21Z,
   author = {{Zubovas}, K. and {King}, A.~R. and {Nayakshin}, S.},
    title = "{The Milky Way's Fermi bubbles: echoes of the last quasar outburst?}",
  journal = {\mnras},
archivePrefix = "arXiv",
   eprint = {1104.5443},
 primaryClass = "astro-ph.GA",
 keywords = {accretion, accretion discs, black hole physics, Galaxy: centre, galaxies: evolution, quasars: general},
     year = 2011,
    month = jul,
   volume = 415,
    pages = {L21-L25},
      doi = {10.1111/j.1745-3933.2011.01070.x},
   adsurl = {http://adsabs.harvard.edu/abs/2011MNRAS.415L..21Z},
  adsnote = {Provided by the SAO/NASA Astrophysics Data System}
}

% numerical modeling
@ARTICLE{2012MNRAS.424..666Z,
   author = {{Zubovas}, K. and {Nayakshin}, S.},
    title = "{Fermi bubbles in the Milky Way: the closest AGN feedback laboratory courtesy of Sgr A*?}",
  journal = {\mnras},
archivePrefix = "arXiv",
   eprint = {1203.3060},
 keywords = {accretion, accretion discs, black hole physics, galaxies: evolution, galaxies: individual: Milky Way, quasars: general},
     year = 2012,
    month = jul,
   volume = 424,
    pages = {666-683},
      doi = {10.1111/j.1365-2966.2012.21250.x},
   adsurl = {http://adsabs.harvard.edu/abs/2012MNRAS.424..666Z},
  adsnote = {Provided by the SAO/NASA Astrophysics Data System}
}



% bubbles from star formation
@ARTICLE{2011PhRvL.106j1102C,
   author = {{Crocker}, R.~M. and {Aharonian}, F.},
    title = "{Fermi Bubbles: Giant, Multibillion-Year-Old Reservoirs of Galactic Center Cosmic Rays}",
  journal = {Physical Review Letters},
archivePrefix = "arXiv",
   eprint = {1008.2658},
 primaryClass = "astro-ph.GA",
 keywords = {gamma-ray sources; gamma-ray bursts, Galactic center, bar, circumnuclear matter, and bulge, Galactic winds and fountains, Cosmic rays},
     year = 2011,
    month = mar,
   volume = 106,
   number = 10,
      eid = {101102},
    pages = {101102},
      doi = {10.1103/PhysRevLett.106.101102},
   adsurl = {http://adsabs.harvard.edu/abs/2011PhRvL.106j1102C},
  adsnote = {Provided by the SAO/NASA Astrophysics Data System}
}


% bubbles from second order Fermi
% GC accretion => hot plasma (x-rays) => shocks for second order Fermi
@ARTICLE{2011ApJ...731L..17C,
   author = {{Cheng}, K.-S. and {Chernyshov}, D.~O. and {Dogiel}, V.~A. and others},
    title = "{Origin of the Fermi Bubble}",
  journal = {\apjl},
archivePrefix = "arXiv",
   eprint = {1103.1002},
 primaryClass = "astro-ph.HE",
 keywords = {black hole physics, galaxies: jets, Galaxy: halo, radiation mechanisms: non-thermal},
     year = 2011,
    month = apr,
   volume = 731,
      eid = {L17},
    pages = {L17},
      doi = {10.1088/2041-8205/731/1/L17},
   adsurl = {http://adsabs.harvard.edu/abs/2011ApJ...731L..17C},
  adsnote = {Provided by the SAO/NASA Astrophysics Data System}
}


@ARTICLE{2011PhRvL.107i1101M,
   author = {{Mertsch}, P. and {Sarkar}, S.},
    title = "{Fermi Gamma-Ray ``Bubbles'' from Stochastic Acceleration of Electrons}",
  journal = {Physical Review Letters},
archivePrefix = "arXiv",
   eprint = {1104.3585},
 primaryClass = "astro-ph.HE",
 keywords = {gamma-ray sources; gamma-ray bursts, Magnetohydrodynamics and plasmas, Galactic center, bar, circumnuclear matter, and bulge, Cosmic rays},
     year = 2011,
    month = aug,
   volume = 107,
   number = 9,
      eid = {091101},
    pages = {091101},
      doi = {10.1103/PhysRevLett.107.091101},
   adsurl = {http://adsabs.harvard.edu/abs/2011PhRvL.107i1101M},
  adsnote = {Provided by the SAO/NASA Astrophysics Data System}
}

% also an explanation of CR up to the knee?
@ARTICLE{2011arXiv1111.5127C,
   author = {{Cheng}, K.~S. and {Chernyshov}, D.~O. and {Dogiel}, V.~A. and
	{Ko}, C.~M. and {Ip}, W.~H. and {Wang}, Y.},
    title = "{The Fermi Bubble as a Source of Cosmic Rays in the Energy Range {\gt} 10E15 eV}",
  journal = {ArXiv e-prints},
archivePrefix = "arXiv",
   eprint = {1111.5127},
 primaryClass = "astro-ph.HE",
 keywords = {Astrophysics - High Energy Astrophysical Phenomena},
     year = 2011,
    month = nov,
   adsurl = {http://adsabs.harvard.edu/abs/2011arXiv1111.5127C},
  adsnote = {Provided by the SAO/NASA Astrophysics Data System}
}




% Fermi diffuse model 1
@ARTICLE{2010PhRvL.104j1101A,
   author = {{Abdo}, A.~A. and {Ackermann}, M. and {Ajello}, M. and {Atwood}, W.~B. and
	{Baldini}, L. and {Ballet}, J. and {Barbiellini}, G. and {Bastieri}, D. and
	{Baughman}, B.~M. and {Bechtol}, K. and {Bellazzini}, R. and
	{Berenji}, B. and {Blandford}, R.~D. and {Bloom}, E.~D. and {Fermi-LAT Collaboration}},
    title = "{Spectrum of the Isotropic Diffuse Gamma-Ray Emission Derived from First-Year Fermi Large Area Telescope Data}",
  journal = {Physical Review Letters},
archivePrefix = "arXiv",
   eprint = {1002.3603},
 primaryClass = "astro-ph.HE",
 keywords = {gamma-ray, Composition, energy spectra and interactions, Cosmic rays},
     year = 2010,
    month = mar,
   volume = 104,
   number = 10,
      eid = {101101},
    pages = {101101},
      doi = {10.1103/PhysRevLett.104.101101},
   adsurl = {http://adsabs.harvard.edu/abs/2010PhRvL.104j1101A},
  adsnote = {Provided by the SAO/NASA Astrophysics Data System}
}


% galprop I
@article{Moskalenko:1997gh,
      author         = "Moskalenko, I.V. and Strong, A.W.",
      title          = "{Production and propagation of cosmic ray positrons and
                        electrons}",
      journal        = "\apj",
      volume         = "493",
      pages          = "694-707",
      doi            = "10.1086/305152",
      year           = "1998",
      eprint         = "astro-ph/9710124",
      archivePrefix  = "arXiv",
      primaryClass   = "astro-ph",
      SLACcitation   = "%%CITATION = ASTRO-PH/9710124;%%",
}

% galprop 2
@article{Strong:1998fr,
      author         = "Strong, Andrew W. and Moskalenko, Igor V. and Reimer,
                        Olaf",
      title          = "{Diffuse continuum gamma-rays from the galaxy}",
      journal        = "\apj",
      volume         = "537",
      pages          = "763-784",
      doi            = "10.1086/309038",
      year           = "2000",
      eprint         = "astro-ph/9811296",
      archivePrefix  = "arXiv",
      primaryClass   = "astro-ph",
      SLACcitation   = "%%CITATION = ASTRO-PH/9811296;%%",
}

% galprop 3
@article{Strong:2004de,
      author         = "Strong, Andrew W. and Moskalenko, Igor V. and Reimer,
                        Olaf",
      title          = "{Diffuse galactic continuum gamma rays. A Model
                        compatible with EGRET data and cosmic-ray measurements}",
      journal        = "\apj",
      volume         = "613",
      pages          = "962-976",
      doi            = "10.1086/423193",
      year           = "2004",
      eprint         = "astro-ph/0406254",
      archivePrefix  = "arXiv",
      primaryClass   = "astro-ph",
      SLACcitation   = "%%CITATION = ASTRO-PH/0406254;%%",
}

% galprop 4
@article{Ptuskin:2005ax,
      author         = "Ptuskin, V.S. and Moskalenko, Igor V. and Jones, F.C. and others",
      title          = "{Dissipation of magnetohydrodynamic waves on energetic
                        particles: impact on interstellar turbulence and cosmic
                        ray transport}",
      journal        = "\apj",
      volume         = "642",
      pages          = "902-916",
      doi            = "10.1086/501117",
      year           = "2006",
      eprint         = "astro-ph/0510335",
      archivePrefix  = "arXiv",
      primaryClass   = "astro-ph",
      reportNumber   = "SLAC-PUB-11628",
      SLACcitation   = "%%CITATION = ASTRO-PH/0510335;%%",
}

%galprop 5
@article{Porter:2008ve,
      author         = "Porter, Troy A. and Moskalenko, Igor V. and Strong,
                        Andrew W. and others",
      title          = "{Inverse Compton Origin of the Hard X-Ray and Soft
                        Gamma-Ray Emission from the Galactic Ridge}",
      journal        = "\apj",
      volume         = "682",
      pages          = "400-407",
      doi            = "10.1086/589615",
      year           = "2008",
      eprint         = "0804.1774",
      archivePrefix  = "arXiv",
      primaryClass   = "astro-ph",
      reportNumber   = "SLAC-PUB-13211",
      SLACcitation   = "%%CITATION = ARXIV:0804.1774;%%",
}

% galprop 7
@ARTICLE{2007ARNPS..57..285S,
   author = {{Strong}, A.~W. and {Moskalenko}, I.~V. and {Ptuskin}, V.~S.
	},
    title = "{Cosmic-Ray Propagation and Interactions in the Galaxy}",
  journal = {Annual Review of Nuclear and Particle Science},
   eprint = {arXiv:astro-ph/0701517},
     year = 2007,
    month = nov,
   volume = 57,
    pages = {285-327},
      doi = {10.1146/annurev.nucl.57.090506.123011},
   adsurl = {http://adsabs.harvard.edu/abs/2007ARNPS..57..285S},
  adsnote = {Provided by the SAO/NASA Astrophysics Data System}
}

%galprop 6
@article{Vladimirov:2010aq,
      author         = "Vladimirov, Andrey E. and Digel, Seth W. and Johannesson,
                        Gudlaugur and others",
      title          = "{GALPROP WebRun: an internet-based service for
                        calculating galactic cosmic ray propagation and associated
                        photon emissions}",
      journal        = "Comput.Phys.Commun.",
      volume         = "182",
      pages          = "1156-1161",
      doi            = "10.1016/j.cpc.2011.01.017",
      year           = "2011",
      eprint         = "1008.3642",
      archivePrefix  = "arXiv",
      primaryClass   = "astro-ph.HE",
      SLACcitation   = "%%CITATION = ARXIV:1008.3642;%%",
}

% anisotropy of ISRF
@ARTICLE{2000ApJ...528..357M,
   author = {{Moskalenko}, I.~V. and {Strong}, A.~W.},
    title = "{Anisotropic Inverse Compton Scattering in the Galaxy}",
  journal = {\apj},
   eprint = {astro-ph/9811284},
 keywords = {ISM: COSMIC RAYS, COSMOLOGY: DIFFUSE RADIATION, GALAXY: GENERAL, GAMMA RAYS: OBSERVATIONS, GAMMA RAYS: THEORY, ISM: GENERAL},
     year = 2000,
    month = jan,
   volume = 528,
    pages = {357-367},
      doi = {10.1086/308138},
   adsurl = {http://adsabs.harvard.edu/abs/2000ApJ...528..357M},
  adsnote = {Provided by the SAO/NASA Astrophysics Data System}
}

% anisotropy of ISRF
@ARTICLE{FutureEGB,
   author = {{Ackermann}, M. and {Albert}, A. and {Atwood}, W.~B. and others},
      year = 2014,
    journal = "{submitted to ApJ}",
}


% ISRF definition 1
@INPROCEEDINGS{2005ICRC....4...77P,
   author = {{Porter}, T.~A. and {Strong}, A.~W.},
    title = "{A new estimate of the Galactic interstellar radiation field between 0.1um and 1000um}",
booktitle = {International Cosmic Ray Conference},
     year = 2005,
   series = {International Cosmic Ray Conference},
   volume = 4,
   eprint = {arXiv:astro-ph/0507119},
    pages = {77},
   adsurl = {http://adsabs.harvard.edu/abs/2005ICRC....4...77P},
  adsnote = {Provided by the SAO/NASA Astrophysics Data System}
}

% ISRF definition 2
@ARTICLE{2006ApJ...640L.155M,
   author = {{Moskalenko}, I.~V. and {Porter}, T.~A. and {Strong}, A.~W.},
    title = "{Attenuation of Very High Energy Gamma Rays by the Milky Way Interstellar Radiation Field}",
  journal = {\apjl},
   eprint = {arXiv:astro-ph/0511149},
 keywords = {Galaxy: General, Gamma Rays: Observations, Gamma Rays: Theory, Radiation Mechanisms: General, Radiative Transfer},
     year = 2006,
    month = apr,
   volume = 640,
    pages = {L155-L158},
      doi = {10.1086/503524},
   adsurl = {http://adsabs.harvard.edu/abs/2006ApJ...640L.155M},
  adsnote = {Provided by the SAO/NASA Astrophysics Data System}
}


% Fermi isotropic diffuse
@ARTICLE{bdo:2010nz,
   author = {{Abdo}, A.~A. and {Ackermann}, M. and {Ajello}, M. and {Atwood}, W.~B. and
	{Baldini}, L. and {Ballet}, J. and {Barbiellini}, G. and {Bastieri}, D. and
	{Baughman}, B.~M. and {Bechtol}, K. and {Bellazzini}, R. and
	{Berenji}, B. and {Blandford}, R.~D. and {Bloom}, E.~D. and
	{Bonamente}, E. and {Borgland}, A.~W. and {Bregeon}, J. and
	{Brez}, A. and {Brigida}, M. and {Bruel}, P. and {Burnett}, T.~H. and
	{Buson}, S. and {Caliandro}, G.~A. and {Cameron}, R.~A. and
	{Caraveo}, P.~A. and {Casandjian}, J.~M. and {Cavazzuti}, E. and
	{Cecchi}, C. and {{\c C}elik}, {\"O}. and {Charles}, E. and
	{Chekhtman}, A. and {Cheung}, C.~C. and {Chiang}, J. and {Ciprini}, S. and
	{Claus}, R. and {Cohen-Tanugi}, J. and {Cominsky}, L.~R. and
	{Conrad}, J. and {Cutini}, S. and {Dermer}, C.~D. and {de Angelis}, A. and
	{de Palma}, F. and {Digel}, S.~W. and {di Bernardo}, G. and
	{do Couto e Silva}, E. and {Drell}, P.~S. and {Drlica-Wagner}, A. and
	{Dubois}, R. and {Dumora}, D. and {Farnier}, C. and {Favuzzi}, C. and
	{Fegan}, S.~J. and {Focke}, W.~B. and {Fortin}, P. and {Frailis}, M. and
	{Fukazawa}, Y. and {Funk}, S. and {Fusco}, P. and {Gaggero}, D. and
	{Gargano}, F. and {Gasparrini}, D. and {Gehrels}, N. and {Germani}, S. and
	{Giebels}, B. and {Giglietto}, N. and {Giommi}, P. and {Giordano}, F. and
	{Glanzman}, T. and {Godfrey}, G. and {Grenier}, I.~A. and {Grondin}, M.-H. and
	{Grove}, J.~E. and {Guillemot}, L. and {Guiriec}, S. and {Gustafsson}, M. and
	{Hanabata}, Y. and {Harding}, A.~K. and {Hayashida}, M. and
	{Hughes}, R.~E. and {Itoh}, R. and {Jackson}, M.~S. and {J{\'o}hannesson}, G. and
	{Johnson}, A.~S. and {Johnson}, R.~P. and {Johnson}, T.~J. and
	{Johnson}, W.~N. and {Kamae}, T. and {Katagiri}, H. and {Kataoka}, J. and
	{Kawai}, N. and {Kerr}, M. and {Kn{\"o}dlseder}, J. and {Kocian}, M.~L. and
	{Kuehn}, F. and {Kuss}, M. and {Lande}, J. and {Latronico}, L. and
	{Lemoine-Goumard}, M. and {Longo}, F. and {Loparco}, F. and
	{Lott}, B. and {Lovellette}, M.~N. and {Lubrano}, P. and {Madejski}, G.~M. and
	{Makeev}, A. and {Mazziotta}, M.~N. and {McConville}, W. and
	{McEnery}, J.~E. and {Meurer}, C. and {Michelson}, P.~F. and
	{Mitthumsiri}, W. and {Mizuno}, T. and {Moiseev}, A.~A. and
	{Monte}, C. and {Monzani}, M.~E. and {Morselli}, A. and {Moskalenko}, I.~V. and
	{Murgia}, S. and {Nolan}, P.~L. and {Norris}, J.~P. and {Nuss}, E. and
	{Ohsugi}, T. and {Omodei}, N. and {Orlando}, E. and {Ormes}, J.~F. and
	{Paneque}, D. and {Panetta}, J.~H. and {Parent}, D. and {Pelassa}, V. and
	{Pepe}, M. and {Pesce-Rollins}, M. and {Piron}, F. and {Porter}, T.~A. and
	{Rain{\`o}}, S. and {Rando}, R. and {Razzano}, M. and {Reimer}, A. and
	{Reimer}, O. and {Reposeur}, T. and {Ritz}, S. and {Rochester}, L.~S. and
	{Rodriguez}, A.~Y. and {Roth}, M. and {Ryde}, F. and {Sadrozinski}, H.~F.-W. and
	{Sanchez}, D. and {Sander}, A. and {Parkinson}, P.~M.~S. and
	{Scargle}, J.~D. and {Sellerholm}, A. and {Sgr{\`o}}, C. and
	{Shaw}, M.~S. and {Siskind}, E.~J. and {Smith}, D.~A. and {Smith}, P.~D. and
	{Spandre}, G. and {Spinelli}, P. and {Starck}, J.-L. and {Strickman}, M.~S. and
	{Strong}, A.~W. and {Suson}, D.~J. and {Tajima}, H. and {Takahashi}, H. and
	{Takahashi}, T. and {Tanaka}, T. and {Thayer}, J.~B. and {Thayer}, J.~G. and
	{Thompson}, D.~J. and {Tibaldo}, L. and {Torres}, D.~F. and
	{Tosti}, G. and {Tramacere}, A. and {Uchiyama}, Y. and {Usher}, T.~L. and
	{Vasileiou}, V. and {Vilchez}, N. and {Vitale}, V. and {Waite}, A.~P. and
	{Wang}, P. and {Winer}, B.~L. and {Wood}, K.~S. and {Ylinen}, T. and
	{Ziegler}, M. and {Fermi LAT Collaboration}},
    title = "{Spectrum of the Isotropic Diffuse Gamma-Ray Emission Derived from First-Year Fermi Large Area Telescope Data}",
  journal = {Physical Review Letters},
archivePrefix = "arXiv",
   eprint = {1002.3603},
 primaryClass = "astro-ph.HE",
 keywords = {gamma-ray, Composition energy spectra and interactions, Cosmic rays},
     year = 2010,
    month = mar,
   volume = 104,
   number = 10,
      eid = {101101},
    pages = {101101},
      doi = {10.1103/PhysRevLett.104.101101},
   adsurl = {http://adsabs.harvard.edu/abs/2010PhRvL.104j1101A},
  adsnote = {Provided by the SAO/NASA Astrophysics Data System}
}


% 2FGL
% old reference: \cite{:2011bm}
@ARTICLE{2012ApJS..199...31N,
   author = {{Nolan}, P.~L. and {Abdo}, A.~A. and {Ackermann}, M. and others},
    title = "{Fermi Large Area Telescope Second Source Catalog}",
  journal = {\apjs},
archivePrefix = "arXiv",
   eprint = {1108.1435},
 primaryClass = "astro-ph.HE",
 keywords = {catalogs, gamma rays: general},
     year = 2012,
    month = apr,
   volume = 199,
      eid = {31},
    pages = {31},
      doi = {10.1088/0067-0049/199/2/31},
   adsurl = {http://adsabs.harvard.edu/abs/2012ApJS..199...31N},
  adsnote = {Provided by the SAO/NASA Astrophysics Data System}
}

% 3FGL
@ARTICLE{2015ApJS..218...23A,
   author = {{Acero}, F. and {Ackermann}, M. and {Ajello}, M. and others},
    title = "{Fermi Large Area Telescope Third Source Catalog}",
  journal = {\apjs},
archivePrefix = "arXiv",
   eprint = {1501.02003},
 primaryClass = "astro-ph.HE",
 keywords = {catalogs, gamma rays: general},
     year = 2015,
    month = jun,
   volume = 218,
      eid = {23},
    pages = {23},
      doi = {10.1088/0067-0049/218/2/23},
   adsurl = {http://adsabs.harvard.edu/abs/2015ApJS..218...23A},
  adsnote = {Provided by the SAO/NASA Astrophysics Data System}
}


% Loop I
@article{Wolleben:2007pq,
      author         = "Wolleben, M.",
      title          = "{A New Model For The Loop-I (The North Polar Spur)
                        Region}",
      journal        = "\apj",
      volume         = "664",
      pages          = "349-356",
      doi            = "10.1086/518711",
      year           = "2007",
      eprint         = "0704.0276",
      archivePrefix  = "arXiv",
      primaryClass   = "astro-ph",
      SLACcitation   = "%%CITATION = ARXIV:0704.0276;%%",
}

% Haslam
@article{Haslam:1982zz,
      author         = "Haslam, C.G.T. and Salter, C.J. and Stoffel, H. and others",
      title          = "{A 408 MHz all-sky continuum survey. II. The atlas of
                        contour maps}",
      journal        = "Astron.Astrophys.Suppl.Ser.",
      volume         = "47",
      pages          = "1-142",
      year           = "1982",
      SLACcitation   = "%%CITATION = AAESB,47,1;%%",
}

% loopI jean-marc conference proceedings
@article{Casandjian:2009wq,
      author         = "Casandjian, Jean-Marc and Grenier, Isabelle",
      title          = "{High Energy Gamma-Ray Emission from the Loop I region}",
      collaboration  = "Fermi Large Area Telescope Collaboration",
      journal     = "arXiv:0912.3478",
      year           = "2009",
      eprint         = "0912.3478",
      archivePrefix  = "arXiv",
      primaryClass   = "astro-ph.HE",
      SLACcitation   = "%%CITATION = ARXIV:0912.3478;%%",
}

% loopI first radio detection
@ARTICLE{1962MNRAS.124..405L,
   author = {{Large}, M.~I. and {Quigley}, M.~J.~S. and {Haslam}, C.~G.~T.
	},
    title = "{A new feature of the radio sky}",
  journal = {\mnras},
     year = 1962,
   volume = 124,
    pages = {405},
   adsurl = {http://adsabs.harvard.edu/abs/1962MNRAS.124..405L},
  adsnote = {Provided by the SAO/NASA Astrophysics Data System}
}

% sun template
@ARTICLE{2013arXiv1307.0197J,
   author = {{Johannesson}, G. and {Orlando}, E. and {for the Fermi-LAT collaboration}
	},
    title = "{Accounting for the Sun and the Moon in Fermi-LAT Analysis}",
  journal = {ArXiv:1307.0197},
archivePrefix = "arXiv",
   eprint = {1307.0197},
 primaryClass = "astro-ph.IM",
 keywords = {Astrophysics - Instrumentation and Methods for Astrophysics},
     year = 2013,
    month = jun,
   adsurl = {http://adsabs.harvard.edu/abs/2013arXiv1307.0197J},
  adsnote = {Provided by the SAO/NASA Astrophysics Data System}
}


@ARTICLE{2007Ap&SS.309..359O,
   author = {{Orlando}, E. and {Strong}, A.~W.},
    title = "{Gamma rays from halos around stars and the Sun}",
  journal = {\apss},
   eprint = {astro-ph/0607563},
 keywords = {Gamma rays, Cosmic rays, Stars, Sun},
     year = 2007,
    month = jun,
   volume = 309,
    pages = {359-363},
      doi = {10.1007/s10509-007-9457-0},
   adsurl = {http://adsabs.harvard.edu/abs/2007Ap%26SS.309..359O},
  adsnote = {Provided by the SAO/NASA Astrophysics Data System}
}


@ARTICLE{2006ApJ...652L..65M,
   author = {{Moskalenko}, I.~V. and {Porter}, T.~A. and {Digel}, S.~W.},
    title = "{Inverse Compton Scattering on Solar Photons, Heliospheric Modulation, and Neutrino Astrophysics}",
  journal = {\apjl},
   eprint = {astro-ph/0607521},
 keywords = {ISM: Cosmic Rays, Elementary Particles, Gamma Rays: Theory, Sun: General, Sun: Interior, Sun: X-Rays, Gamma Rays},
     year = 2006,
    month = nov,
   volume = 652,
    pages = {L65-L68},
      doi = {10.1086/509916},
   adsurl = {http://adsabs.harvard.edu/abs/2006ApJ...652L..65M},
  adsnote = {Provided by the SAO/NASA Astrophysics Data System}
}

@ARTICLE{2008A&A...480..847O,
   author = {{Orlando}, E. and {Strong}, A.~W.},
    title = "{Gamma-ray emission from the solar halo and disk: a study with EGRET data}",
  journal = {\aap},
archivePrefix = "arXiv",
   eprint = {0801.2178},
 keywords = {methods: data analysis, Moon, Sun: X-rays, gamma rays, gamma rays: observations, gamma rays: theory},
     year = 2008,
    month = mar,
   volume = 480,
    pages = {847-857},
      doi = {10.1051/0004-6361:20078817},
   adsurl = {http://adsabs.harvard.edu/abs/2008A%26A...480..847O},
  adsnote = {Provided by the SAO/NASA Astrophysics Data System}
}


% Suzaku observations of the bubbles
@ARTICLE{2013ApJ...779...57K,
   author = {{Kataoka}, J. and {Tahara}, M. and {Totani}, T. and others},
    title = "{Suzaku Observations of the Diffuse X-Ray Emission across the Fermi Bubbles' Edges}",
  journal = {\apj},
archivePrefix = "arXiv",
   eprint = {1310.3553},
 primaryClass = "astro-ph.HE",
 keywords = {acceleration of particles, cosmic rays, Galaxy: center, Galaxy: halo, X-rays: ISM},
     year = 2013,
    month = dec,
   volume = 779,
      eid = {57},
    pages = {57},
      doi = {10.1088/0004-637X/779/1/57},
   adsurl = {http://adsabs.harvard.edu/abs/2013ApJ...779...57K},
  adsnote = {Provided by the SAO/NASA Astrophysics Data System}
}





% Fermi diffuse paper II
@article{FermiLAT:2012aa,
      author  = "Ackermann, M. and Ajello, M. and Atwood, W.~B. and others",
      title          = "{Fermi-LAT Observations of the Diffuse Gamma-Ray
                        Emission: Implications for Cosmic Rays and the
                        Interstellar Medium}",
      collaboration  = "Fermi-LAT Collaboration",
      journal        = "\apj",
      volume         = "750",
      pages          = "3",
      doi            = "10.1088/0004-637X/750/1/3",
      year           = "2012",
      eprint         = "1202.4039",
      archivePrefix  = "arXiv",
      primaryClass   = "astro-ph.HE",
      SLACcitation   = "%%CITATION = ARXIV:1202.4039;%%",
}


% ionized gas distribution model
@ARTICLE{2008PASA...25..184G,
   author = {{Gaensler}, B.~M. and {Madsen}, G.~J. and {Chatterjee}, S. and others},
    title = "{The Vertical Structure of Warm Ionised Gas in the Milky Way}",
  journal = {\pasa},
archivePrefix = "arXiv",
   eprint = {0808.2550},
 keywords = {galaxies: ISM, Galaxy: halo, structure, globular clusters: general, ISM: structure, pulsars: general},
     year = 2008,
    month = nov,
   volume = 25,
    pages = {184-200},
      doi = {10.1071/AS08004},
   adsurl = {http://adsabs.harvard.edu/abs/2008PASA...25..184G},
  adsnote = {Provided by the SAO/NASA Astrophysics Data System}
}



% GaDGET and Gardian paper
@INPROCEEDINGS{Ackermann:2009zz,
   author = {{Ackermann}, M. and {J{\'o}hannesson}, G. and {Digel}, S. and others
	},
    title = "{A method to analyze the diffuse gamma-ray emission with the Fermi Large Area Telescope}",
 keywords = {gamma-ray, X- and gamma-ray telescopes and instrumentation, Neutrino muon pion and other elementary particles, cosmic rays},
booktitle = {American Institute of Physics Conference Series},
     year = 2008,
   series = {American Institute of Physics Conference Series},
   volume = 1085,
   editor = {{Aharonian}, F.~A. and {Hofmann}, W. and {Rieger}, F.},
    month = dec,
    pages = {763-766},
      doi = {10.1063/1.3076791},
   adsurl = {http://adsabs.harvard.edu/abs/2008AIPC.1085..763A},
  adsnote = {Provided by the SAO/NASA Astrophysics Data System}
}


% IC and synchrotron formulae
@ARTICLE{1970RvMP...42..237B,
   author = {{Blumenthal}, G.~R. and {Gould}, R.~J.},
    title = "{Bremsstrahlung, Synchrotron Radiation, and Compton Scattering of High-Energy Electrons Traversing Dilute Gases}",
  journal = {Reviews of Modern Physics},
     year = 1970,
   volume = 42,
    pages = {237-271},
      doi = {10.1103/RevModPhys.42.237},
   adsurl = {http://adsabs.harvard.edu/abs/1970RvMP...42..237B},
  adsnote = {Provided by the SAO/NASA Astrophysics Data System}
}


% hadronic model of production
@ARTICLE{2008ApJ...674..278K,
   author = {{Karlsson}, N. and {Kamae}, T.},
    title = "{Parameterization of the Angular Distribution of Gamma Rays Produced by p-p Interaction in Astronomical Environments}",
  journal = {\apj},
archivePrefix = "arXiv",
   eprint = {0709.0233},
 keywords = {ISM: Cosmic Rays, Galaxies: Jets, Gamma Rays: Theory, ISM: General, Neutrinos, Stars: Supernovae: General},
     year = 2008,
    month = feb,
   volume = 674,
    pages = {278-285},
      doi = {10.1086/524353},
   adsurl = {http://adsabs.harvard.edu/abs/2008ApJ...674..278K},
  adsnote = {Provided by the SAO/NASA Astrophysics Data System}
}

@ARTICLE{2006ApJ...647..692K,
   author = {{Kamae}, T. and {Karlsson}, N. and {Mizuno}, T. and others},
    title = "{Parameterization of {$\gamma$}, e$^{+/-}$, and Neutrino Spectra Produced by p-p Interaction in Astronomical Environments}",
  journal = {\apj},
   eprint = {arXiv:astro-ph/0605581},
 keywords = {ISM: Cosmic Rays, Galaxies: Jets, Gamma Rays: Theory, ISM: General, Neutrinos, Stars: Supernovae: General},
     year = 2006,
    month = aug,
   volume = 647,
    pages = {692-708},
      doi = {10.1086/505189},
   adsurl = {http://adsabs.harvard.edu/abs/2006ApJ...647..692K},
  adsnote = {Provided by the SAO/NASA Astrophysics Data System}
}



% Lorimer pulsar distribution, used in GALPROP
@article{Lorimer:2006qs,
      author         = "Lorimer, D.R. and Faulkner, A.J. and Lyne, A.G. and others",
      title          = "{The Parkes multibeam pulsar survey: VI. Discovery and
                        timing of 142 pulsars and a Galactic population analysis}",
      journal        = "\mnras",
      volume         = "372",
      pages          = "777-800",
      doi            = "10.1111/j.1365-2966.2006.10887.x",
      year           = "2006",
      eprint         = "astro-ph/0607640",
      archivePrefix  = "arXiv",
      primaryClass   = "astro-ph",
      SLACcitation   = "%%CITATION = ASTRO-PH/0607640;%%",
}

% SNR distribution, used in GALPROP
@article{Case:1998qg,
      author         = "Case, Gary L. and Bhattacharya, Dipen",
      title          = "{A new sigma-d relation and its application to the
                        galactic supernova remnant distribution}",
      journal        = "\apj",
      volume         = "504",
      pages          = "761",
      doi            = "10.1086/306089",
      year           = "1998",
      eprint         = "astro-ph/9807162",
      archivePrefix  = "arXiv",
      primaryClass   = "astro-ph",
      reportNumber   = "UCRHEA-0798-01",
      SLACcitation   = "%%CITATION = ASTRO-PH/9807162;%%",
}


% Performance paper
@ARTICLE{Ackermann:2012kna,
   author = {{Ackermann}, M. and {Ajello}, M. and {Albert}, A. and others},
    title = "{The Fermi Large Area Telescope on Orbit: Event Classification, Instrument Response Functions, and Calibration}",
  journal = {\apjs},
archivePrefix = "arXiv",
   eprint = {1206.1896},
 primaryClass = "astro-ph.IM",
 keywords = {instrumentation: detectors, instrumentation: miscellaneous, methods: data analysis, methods: observational, telescopes},
     year = 2012,
    month = nov,
   volume = 203,
      eid = {4},
    pages = {4},
      doi = {10.1088/0067-0049/203/1/4},
   adsurl = {http://adsabs.harvard.edu/abs/2012ApJS..203....4A},
  adsnote = {Provided by the SAO/NASA Astrophysics Data System}
}



% CR model
@ARTICLE{2013arXiv1303.6482D,
   author = {{Dermer}, C.~D. and {Finke}, J.~D. and {Murphy}, R.~J. and others},
    title = "{On the Physics Connecting Cosmic Rays and Gamma Rays: Towards Determining the Interstellar Cosmic Ray Spectrum}",
  journal = {ArXiv:1303.6482},
archivePrefix = "arXiv",
   eprint = {1303.6482},
 primaryClass = "astro-ph.HE",
 keywords = {Astrophysics - High Energy Astrophysical Phenomena},
     year = 2013,
    month = mar,
   adsurl = {http://adsabs.harvard.edu/abs/2013arXiv1303.6482D},
  adsnote = {Provided by the SAO/NASA Astrophysics Data System}
}

% PAMELA proton spectrum
@ARTICLE{2011Sci...332...69A,
   author = {{Adriani}, O. and {Barbarino}, G.~C. and {Bazilevskaya}, G.~A. and others},
    title = "{PAMELA Measurements of Cosmic-Ray Proton and Helium Spectra}",
  journal = {Science},
archivePrefix = "arXiv",
   eprint = {1103.4055},
 primaryClass = "astro-ph.HE",
     year = 2011,
    month = apr,
   volume = 332,
    pages = {69-},
      doi = {10.1126/science.1199172},
   adsurl = {http://adsabs.harvard.edu/abs/2011Sci...332...69A},
  adsnote = {Provided by the SAO/NASA Astrophysics Data System}
}

% MINUIT
@article{James:1975dr,
      author         = "James, F. and Roos, M.",
      title          = "{Minuit: A System for Function Minimization and Analysis
                        of the Parameter Errors and Correlations}",
      journal        = "Comput.Phys.Commun.",
      volume         = "10",
      pages          = "343-367",
      doi            = "10.1016/0010-4655(75)90039-9",
      year           = "1975",
}


%%%%%%%%%%
% HESS electron spectra
% high energy analysis, HESS 2008
@ARTICLE{2008PhRvL.101z1104A,
   author = {{Aharonian}, F. and {Akhperjanian}, A.~G. and {Barres de Almeida}, U. and others},
    title = "{Energy Spectrum of Cosmic-Ray Electrons at TeV Energies}",
  journal = {Physical Review Letters},
archivePrefix = "arXiv",
   eprint = {0811.3894},
 keywords = {Neutrino muon pion and other elementary particles, cosmic rays, X- and gamma-ray telescopes and instrumentation, Composition energy spectra and interactions, Cosmic rays},
     year = 2008,
    month = dec,
   volume = 101,
   number = 26,
      eid = {261104},
    pages = {261104},
      doi = {10.1103/PhysRevLett.101.261104},
   adsurl = {http://adsabs.harvard.edu/abs/2008PhRvL.101z1104A},
  adsnote = {Provided by the SAO/NASA Astrophysics Data System}
}

% low energy analysis, HESS 2009
@ARTICLE{2009A&A...508..561A,
   author = {{Aharonian}, F. and {Akhperjanian}, A.~G. and {Anton}, G. and others},
    title = "{Probing the ATIC peak in the cosmic-ray electron spectrum with H.E.S.S.}",
  journal = {\aap},
archivePrefix = "arXiv",
   eprint = {0905.0105},
 primaryClass = "astro-ph.HE",
 keywords = {cosmic rays, methods: data analysis},
     year = 2009,
    month = dec,
   volume = 508,
    pages = {561-564},
      doi = {10.1051/0004-6361/200913323},
   adsurl = {http://adsabs.harvard.edu/abs/2009A%26A...508..561A},
  adsnote = {Provided by the SAO/NASA Astrophysics Data System}
}


% AMS-2 ICRC electron spectrum
@ARTICLE{2014arXiv1402.0437C,
   author = {{Corti}, C., {(for the AMS collaboration)}},
    title = "{The cosmic ray electron and positron spectra measured by AMS-02}",
  journal = {ArXiv:1402.0437},
archivePrefix = "arXiv",
   eprint = {1402.0437},
 primaryClass = "physics.ins-det",
 keywords = {Physics - Instrumentation and Detectors, Astrophysics - High Energy Astrophysical Phenomena},
     year = 2014,
    month = feb,
   adsurl = {http://adsabs.harvard.edu/abs/2014arXiv1402.0437C},
  adsnote = {Provided by the SAO/NASA Astrophysics Data System}
}

% PAMELA electron spectrum
@ARTICLE{2011PhRvL.106t1101A,
   author = {{Adriani}, O. and {Barbarino}, G.~C. and {Bazilevskaya}, G.~A. and others},
    title = "{Cosmic-Ray Electron Flux Measured by the PAMELA Experiment between 1 and 625 GeV}",
  journal = {Physical Review Letters},
archivePrefix = "arXiv",
   eprint = {1103.2880},
 primaryClass = "astro-ph.HE",
 keywords = {Cosmic rays, Dark matter, Neutrino muon pion and other elementary particles, cosmic rays, Composition energy spectra and interactions},
     year = 2011,
    month = may,
   volume = 106,
   number = 20,
      eid = {201101},
    pages = {201101},
      doi = {10.1103/PhysRevLett.106.201101},
   adsurl = {http://adsabs.harvard.edu/abs/2011PhRvL.106t1101A},
  adsnote = {Provided by the SAO/NASA Astrophysics Data System}
}


% ATIC-2 protons
@ARTICLE{2006astro.ph.12377P,
   author = "{Panov}, A.~D. and {Adams}, J.~H. and {Ahn}, H.~S. and others",
    title = "{The results of ATIC-2 experiment for elemental spectra of cosmic rays}",
  journal = {ArXiv:0612377},
   eprint = {astro-ph/0612377},
 keywords = {Astrophysics},
     year = 2006,
    month = dec,
   adsurl = {http://adsabs.harvard.edu/abs/2006astro.ph.12377P},
  adsnote = {Provided by the SAO/NASA Astrophysics Data System}
}

% CREAM protons

@ARTICLE{2011ApJ...728..122Y,
   author = {{Yoon}, Y.~S. and {Ahn}, H.~S. and {Allison}, P.~S. and others},
    title = "{Cosmic-ray Proton and Helium Spectra from the First CREAM Flight}",
  journal = {\apj},
archivePrefix = "arXiv",
   eprint = {1102.2575},
 primaryClass = "astro-ph.HE",
 keywords = {balloons, cosmic rays, instrumentation: detectors, ISM: abundances, methods: data analysis},
     year = 2011,
    month = feb,
   volume = 728,
      eid = {122},
    pages = {122},
      doi = {10.1088/0004-637X/728/2/122},
   adsurl = {http://adsabs.harvard.edu/abs/2011ApJ...728..122Y},
  adsnote = {Provided by the SAO/NASA Astrophysics Data System}
}

%dust/gas mixing in ISM
@ARTICLE{bohlin1978,
   author = {{Bohlin}, R.~C. and {Savage}, B.~D. and {Drake}, J.~F.},
    title = "{A survey of interstellar H I from L-alpha absorption measurements. II}",
  journal = {\apj},
 keywords = {Hydrogen Clouds, Interstellar Gas, Lyman Alpha Radiation, Molecular Absorption, Ultraviolet Spectra, Abundance, Hydrogen Atoms, Interstellar Extinction, Neutral Particles, Oao 2, Satellite Observation},
     year = 1978,
    month = aug,
   volume = 224,
    pages = {132-142},
      doi = {10.1086/156357},
   adsurl = {http://adsabs.harvard.edu/abs/1978ApJ...224..132B},
  adsnote = {Provided by the SAO/NASA Astrophysics Data System}
}

%3D dust extinction models
@ARTICLE{marshall2006,
   author = {{Marshall}, D.~J. and {Robin}, A.~C. and {Reyl{\'e}}, C. and
	{Schultheis}, M. and {Picaud}, S.},
    title = "{Modelling the Galactic interstellar extinction distribution in three dimensions}",
  journal = {\aap},
   eprint = {astro-ph/0604427},
 keywords = {ISM: dust, extinction, ISM: structure, Galaxy: structure},
     year = 2006,
    month = jul,
   volume = 453,
    pages = {635-651},
      doi = {10.1051/0004-6361:20053842},
   adsurl = {http://adsabs.harvard.edu/abs/2006A%26A...453..635M},
  adsnote = {Provided by the SAO/NASA Astrophysics Data System}
}

@ARTICLE{schultheis2014,
   author = {{Schultheis}, M. and {Chen}, B.~Q. and {Jiang}, B.~W. and others},
    title = "{Mapping the Milky Way bulge at high resolution: the 3D dust extinction, CO, and X factor maps}",
  journal = {\aap},
archivePrefix = "arXiv",
   eprint = {1405.0503},
 keywords = {Galaxy: bulge, dust, extinction, Galaxy: stellar content},
     year = 2014,
    month = jun,
   volume = 566,
      eid = {A120},
    pages = {A120},
      doi = {10.1051/0004-6361/201322788},
   adsurl = {http://adsabs.harvard.edu/abs/2014A%26A...566A.120S},
  adsnote = {Provided by the SAO/NASA Astrophysics Data System}
}

%ISM review by Ferriere
@ARTICLE{ferriere2001,
   author = {{Ferri{\`e}re}, K.~M.},
    title = "{The interstellar environment of our galaxy}",
  journal = {Reviews of Modern Physics},
   eprint = {astro-ph/0106359},
     year = 2001,
    month = oct,
   volume = 73,
    pages = {1031-1066},
      doi = {10.1103/RevModPhys.73.1031},
   adsurl = {http://adsabs.harvard.edu/abs/2001RvMP...73.1031F},
  adsnote = {Provided by the SAO/NASA Astrophysics Data System}
}

%model of Galactic HI distribution
@ARTICLE{kalberla2009,
   author = {{Kalberla}, P.~M.~W. and {Kerp}, J.},
    title = "{The Hi Distribution of the Milky Way}",
  journal = {\araa},
     year = 2009,
    month = sep,
   volume = 47,
    pages = {27-61},
      doi = {10.1146/annurev-astro-082708-101823},
   adsurl = {http://adsabs.harvard.edu/abs/2009ARA%26A..47...27K},
  adsnote = {Provided by the SAO/NASA Astrophysics Data System}
}

%GASS survey 2010 data release
@ARTICLE{gass2010,
   author = {{Kalberla}, P.~M.~W. and {McClure-Griffiths}, N.~M. and {Pisano}, D.~J. and others},
    title = "{GASS: the Parkes Galactic all-sky survey. II. Stray-radiation correction and second data release}",
  journal = {\aap},
archivePrefix = "arXiv",
   eprint = {1007.0686},
 keywords = {surveys, ISM: general, radio lines: ISM, Galaxy: structure},
     year = 2010,
    month = oct,
   volume = 521,
      eid = {A17},
    pages = {A17},
      doi = {10.1051/0004-6361/200913979},
   adsurl = {http://adsabs.harvard.edu/abs/2010A%26A...521A..17K},
  adsnote = {Provided by the SAO/NASA Astrophysics Data System}
}


%Planck 2014 dust model
@ARTICLE{2014A&A...571A..11P,
   author = {{Abergel}, A. and {Ade}, P.~A.~R. and {Aghanim}, N. and others},
    title = "{Planck 2013 results. XI. All-sky model of thermal dust emission}",
  journal = {\aap},
archivePrefix = "arXiv",
   eprint = {1312.1300},
 keywords = {methods: data analysis, ISM: general, dust, extinction, infrared: ISM, submillimeter: ISM, opacity},
     year = 2014,
    month = nov,
   volume = 571,
      eid = {A11},
    pages = {A11},
      doi = {10.1051/0004-6361/201323195},
   adsurl = {http://adsabs.harvard.edu/abs/2014A%26A...571A..11P},
  adsnote = {Provided by the SAO/NASA Astrophysics Data System}
}

@article{Goodenough:2009gk,
      author         = "Goodenough, Lisa and Hooper, Dan",
      title          = "{Possible Evidence For Dark Matter Annihilation In The
                        Inner Milky Way From The Fermi Gamma Ray Space Telescope}",
     journal = {ArXiv:0910.2998},
      year           = "2009",
      eprint         = "0910.2998",
      archivePrefix  = "arXiv",
      primaryClass   = "hep-ph",
      reportNumber   = "FERMILAB-PUB-09-494-A",
      SLACcitation   = "%%CITATION = ARXIV:0910.2998;%%"
}


@ARTICLE{2009arXiv0912.3828V,
   author = {{Vitale}, V. and {Morselli}, A. and {for the Fermi/LAT Collaboration}
	},
    title = "{Indirect Search for Dark Matter from the center of the Milky Way with the Fermi-Large Area Telescope}",
  journal = {ArXiv:0912.3828},
archivePrefix = "arXiv",
   eprint = {0912.3828},
 primaryClass = "astro-ph.HE",
 keywords = {Astrophysics - High Energy Astrophysical Phenomena},
     year = 2009,
    month = dec,
   adsurl = {http://adsabs.harvard.edu/abs/2009arXiv0912.3828V},
  adsnote = {Provided by the SAO/NASA Astrophysics Data System}
}

@article{Hooper:2010mq,
      author         = "Hooper, Dan and Goodenough, Lisa",
      title          = "{Dark Matter Annihilation in The Galactic Center As Seen
                        by the Fermi Gamma Ray Space Telescope}",
      journal        = "Phys. Lett.",
      volume         = "B697",
      year           = "2011",
      pages          = "412-428",
      doi            = "10.1016/j.physletb.2011.02.029",
      eprint         = "1010.2752",
      archivePrefix  = "arXiv",
      primaryClass   = "hep-ph",
      reportNumber   = "FERMILAB-PUB-10-414-A",
      SLACcitation   = "%%CITATION = ARXIV:1010.2752;%%"
}

% 2013PhRvD..88h3521G,
@article{Gordon:2013vta,
   author = {{Gordon}, C. and {Mac{\'{\i}}as}, O.},
    title = "{Dark matter and pulsar model constraints from Galactic Center Fermi-LAT gamma-ray observations}",
  journal = {\prd},
archivePrefix = "arXiv",
   eprint = {1306.5725},
 primaryClass = "astro-ph.HE",
 keywords = {Dark matter, Cosmology},
     year = 2013,
    month = oct,
   volume = 88,
   number = 8,
      eid = {083521},
    pages = {083521},
      doi = {10.1103/PhysRevD.88.083521},
   adsurl = {http://adsabs.harvard.edu/abs/2013PhRvD..88h3521G},
  adsnote = {Provided by the SAO/NASA Astrophysics Data System}
}

@article{Hooper:2011ti,
      author         = "Hooper, Dan and Linden, Tim",
      title          = "{On The Origin Of The Gamma Rays From The Galactic
                        Center}",
      journal        = "Phys.Rev.",
      volume         = "D84",
      pages          = "123005",
      doi            = "10.1103/PhysRevD.84.123005",
      year           = "2011",
      eprint         = "1110.0006",
      archivePrefix  = "arXiv",
      primaryClass   = "astro-ph.HE",
      reportNumber   = "FERMILAB-PUB-11-505-A",
      SLACcitation   = "%%CITATION = ARXIV:1110.0006;%%",
}

% 2016PDU....12....1D,
@article{Daylan:2014rsa,
   author = {{Daylan}, T. and {Finkbeiner}, D.~P. and {Hooper}, D. and {Linden}, T. and 
	{Portillo}, S.~K.~N. and {Rodd}, N.~L. and {Slatyer}, T.~R.},
    title = "{The characterization of the gamma-ray signal from the central Milky Way: A case for annihilating dark matter}",
  journal = {Physics of the Dark Universe},
archivePrefix = "arXiv",
   eprint = {1402.6703},
 primaryClass = "astro-ph.HE",
 keywords = {Dark matter, Indirect detection, Gamma-rays},
     year = 2016,
    month = jun,
   volume = 12,
    pages = {1-23},
      doi = {10.1016/j.dark.2015.12.005},
   adsurl = {http://adsabs.harvard.edu/abs/2016PDU....12....1D},
  adsnote = {Provided by the SAO/NASA Astrophysics Data System}
}

@ARTICLE{2016JCAP...04..030H,
   author = {{Huang}, X. and {En{\ss}lin}, T. and {Selig}, M.},
    title = "{Galactic dark matter search via phenomenological astrophysics modeling}",
  journal = {\jcap},
archivePrefix = "arXiv",
   eprint = {1511.02621},
 primaryClass = "astro-ph.HE",
     year = 2016,
    month = apr,
   volume = 4,
      eid = {030},
    pages = {030},
      doi = {10.1088/1475-7516/2016/04/030},
   adsurl = {http://adsabs.harvard.edu/abs/2016JCAP...04..030H},
  adsnote = {Provided by the SAO/NASA Astrophysics Data System}
}

@ARTICLE{2016arXiv161008926D,
   author = {{de Boer}, W. and {Gebauer}, I. and {Neumann}, A. and {Biermann}, P.~L.
	},
    title = "{An alternative Explanation for the Fermi GeV Gamma-Ray Excess}",
  journal = {ArXiv:1610.08926},
archivePrefix = "arXiv",
   eprint = {1610.08926},
 primaryClass = "astro-ph.HE",
 keywords = {Astrophysics - High Energy Astrophysical Phenomena, Astrophysics - Astrophysics of Galaxies},
     year = 2016,
    month = oct,
   adsurl = {http://adsabs.harvard.edu/abs/2016arXiv161008926D},
  adsnote = {Provided by the SAO/NASA Astrophysics Data System}
}


@ARTICLE{2011PhLB..705..165B,
   author = {{Boyarsky}, A. and {Malyshev}, D. and {Ruchayskiy}, O.},
    title = "{A comment on the emission from the Galactic Center as seen by the Fermi telescope}",
  journal = {Physics Letters B},
archivePrefix = "arXiv",
   eprint = {1012.5839},
 primaryClass = "hep-ph",
     year = 2011,
    month = nov,
   volume = 705,
    pages = {165-169},
      doi = {10.1016/j.physletb.2011.10.014},
   adsurl = {http://adsabs.harvard.edu/abs/2011PhLB..705..165B},
  adsnote = {Provided by the SAO/NASA Astrophysics Data System}
}

@article{Calore:2014xka,
   author = {{Calore}, F. and {Cholis}, I. and {Weniger}, C.},
    title = "{Background model systematics for the Fermi GeV excess}",
  journal = {\jcap},
archivePrefix = "arXiv",
   eprint = {1409.0042},
     year = 2015,
    month = mar,
   volume = 3,
      eid = {038},
    pages = {038},
      doi = {10.1088/1475-7516/2015/03/038},
   adsurl = {http://adsabs.harvard.edu/abs/2015JCAP...03..038C},
  adsnote = {Provided by the SAO/NASA Astrophysics Data System}
}


@ARTICLE{2012PhRvD..86h3511A,
   author = {{Abazajian}, K.~N. and {Kaplinghat}, M.},
    title = "{Detection of a gamma-ray source in the Galactic Center consistent with extended emission from dark matter annihilation and concentrated astrophysical emission}",
  journal = {\prd},
archivePrefix = "arXiv",
   eprint = {1207.6047},
 primaryClass = "astro-ph.HE",
 keywords = {Dark matter, X- and gamma-ray telescopes and instrumentation, gamma-ray, Pulsars},
     year = 2012,
    month = oct,
   volume = 86,
   number = 8,
      eid = {083511},
    pages = {083511},
      doi = {10.1103/PhysRevD.86.083511},
   adsurl = {http://adsabs.harvard.edu/abs/2012PhRvD..86h3511A},
  adsnote = {Provided by the SAO/NASA Astrophysics Data System}
}

@article{Abazajian:2014fta,
      author         = "Abazajian, Kevork N. and Canac, Nicolas and Horiuchi,
                        Shunsaku and Kaplinghat, Manoj",
      title          = "{Astrophysical and Dark Matter Interpretations of
                        Extended Gamma-Ray Emission from the Galactic Center}",
      journal        = "\prd",
      volume         = "90",
      pages          = "023526",
      doi            = "10.1103/PhysRevD.90.023526",
      year           = "2014",
      eprint         = "1402.4090",
      archivePrefix  = "arXiv",
      primaryClass   = "astro-ph.HE",
      SLACcitation   = "%%CITATION = ARXIV:1402.4090;%%",
}


@ARTICLE{2015PhRvD..91l3010Z,
   author = {{Zhou}, B. and {Liang}, Y.-F. and {Huang}, X. and {Li}, X. and 
	{Fan}, Y.-Z. and {Feng}, L. and {Chang}, J.},
    title = "{GeV excess in the Milky Way: The role of diffuse galactic gamma-ray emission templates}",
  journal = {\prd},
archivePrefix = "arXiv",
   eprint = {1406.6948},
 primaryClass = "astro-ph.HE",
 keywords = {gamma-ray sources, gamma-ray bursts, Dark matter},
     year = 2015,
    month = jun,
   volume = 91,
   number = 12,
      eid = {123010},
    pages = {123010},
      doi = {10.1103/PhysRevD.91.123010},
   adsurl = {http://adsabs.harvard.edu/abs/2015PhRvD..91l3010Z},
  adsnote = {Provided by the SAO/NASA Astrophysics Data System}
}


% Inner Galaxy analysis by Troy and Simona
@ARTICLE{2016ApJ...819...44A,
   author = {{Ajello}, M. and {Albert}, A. and {Atwood}, W.~B. and others},
    title = "{Fermi-LAT Observations of High-Energy Gamma-Ray Emission toward the Galactic Center}",
  journal = {\apj},
 keywords = {cosmic rays, Galaxy: center, gamma-rays: general, gamma-rays: ISM, radiation mechanisms: non-thermal},
     year = 2016,
    month = mar,
   volume = 819,
      eid = {44},
    pages = {44},
      doi = {10.3847/0004-637X/819/1/44},
   adsurl = {http://adsabs.harvard.edu/abs/2016ApJ...819...44A},
  adsnote = {Provided by the SAO/NASA Astrophysics Data System}
}

%unresolved point sources
@ARTICLE{2016PhRvL.116e1103L,
   author = {{Lee}, S.~K. and {Lisanti}, M. and {Safdi}, B.~R. and {Slatyer}, T.~R. and
	{Xue}, W.},
    title = "{Evidence for Unresolved {$\gamma$} -Ray Point Sources in the Inner Galaxy}",
  journal = {Physical Review Letters},
archivePrefix = "arXiv",
   eprint = {1506.05124},
 primaryClass = "astro-ph.HE",
     year = 2016,
    month = feb,
   volume = 116,
   number = 5,
      eid = {051103},
    pages = {051103},
      doi = {10.1103/PhysRevLett.116.051103},
   adsurl = {http://adsabs.harvard.edu/abs/2016PhRvL.116e1103L},
  adsnote = {Provided by the SAO/NASA Astrophysics Data System}
}

% high energy tail with unresolved sources
@ARTICLE{2016PhRvD..94j3013L,
   author = {{Linden}, T. and {Rodd}, N.~L. and {Safdi}, B.~R. and {Slatyer}, T.~R.
	},
    title = "{High-energy tail of the Galactic Center gamma-ray excess}",
  journal = {\prd},
archivePrefix = "arXiv",
   eprint = {1604.01026},
 primaryClass = "astro-ph.HE",
     year = 2016,
    month = nov,
   volume = 94,
   number = 10,
      eid = {103013},
    pages = {103013},
      doi = {10.1103/PhysRevD.94.103013},
   adsurl = {http://adsabs.harvard.edu/abs/2016PhRvD..94j3013L},
  adsnote = {Provided by the SAO/NASA Astrophysics Data System}
}


@ARTICLE{2016PhRvL.116e1102B,
   author = {{Bartels}, R. and {Krishnamurthy}, S. and {Weniger}, C.},
    title = "{Strong Support for the Millisecond Pulsar Origin of the Galactic Center GeV Excess}",
  journal = {Physical Review Letters},
archivePrefix = "arXiv",
   eprint = {1506.05104},
 primaryClass = "astro-ph.HE",
     year = 2016,
    month = feb,
   volume = 116,
   number = 5,
      eid = {051102},
    pages = {051102},
      doi = {10.1103/PhysRevLett.116.051102},
   adsurl = {http://adsabs.harvard.edu/abs/2016PhRvL.116e1102B},
  adsnote = {Provided by the SAO/NASA Astrophysics Data System}
}

% MSP interpretation
@ARTICLE{2015ApJ...812...15B,
   author = {{Brandt}, T.~D. and {Kocsis}, B.},
    title = "{Disrupted Globular Clusters Can Explain the Galactic Center Gamma-Ray Excess}",
  journal = {\apj},
archivePrefix = "arXiv",
   eprint = {1507.05616},
 primaryClass = "astro-ph.HE",
 keywords = {dark matter, Galaxy: bulge, Galaxy: center, gamma rays: diffuse background, globular clusters: general, pulsars: general},
     year = 2015,
    month = oct,
   volume = 812,
      eid = {15},
    pages = {15},
      doi = {10.1088/0004-637X/812/1/15},
   adsurl = {http://adsabs.harvard.edu/abs/2015ApJ...812...15B},
  adsnote = {Provided by the SAO/NASA Astrophysics Data System}
}

% MSPs
@ARTICLE{2013MNRAS.436.2461M,
   author = {{Mirabal}, N.},
    title = "{Dark matter versus pulsars: catching the impostor}",
  journal = {\mnras},
archivePrefix = "arXiv",
   eprint = {1309.3428},
 primaryClass = "astro-ph.HE",
 keywords = {pulsars: general, dark matter},
     year = 2013,
    month = dec,
   volume = 436,
    pages = {2461-2464},
      doi = {10.1093/mnras/stt1740},
   adsurl = {http://adsabs.harvard.edu/abs/2013MNRAS.436.2461M},
  adsnote = {Provided by the SAO/NASA Astrophysics Data System}
}

% MSP spin down
% 2016arXiv160609250H,
@ARTICLE{2016JCAP...08..018H,
   author = {{Hooper}, D. and {Linden}, T.},
    title = "{The gamma-ray pulsar population of globular clusters: implications for the GeV excess}",
  journal = {\jcap},
archivePrefix = "arXiv",
   eprint = {1606.09250},
 primaryClass = "astro-ph.HE",
     year = 2016,
    month = aug,
   volume = 8,
      eid = {018},
    pages = {018},
      doi = {10.1088/1475-7516/2016/08/018},
   adsurl = {http://adsabs.harvard.edu/abs/2016JCAP...08..018H},
  adsnote = {Provided by the SAO/NASA Astrophysics Data System}
}

@ARTICLE{2011JCAP...03..010A,
   author = {{Abazajian}, K.~N.},
    title = "{The consistency of Fermi-LAT observations of the galactic center with a millisecond pulsar population in the central stellar cluster}",
  journal = {\jcap},
archivePrefix = "arXiv",
   eprint = {1011.4275},
 primaryClass = "astro-ph.HE",
     year = 2011,
    month = mar,
   volume = 3,
      eid = {010},
    pages = {010},
      doi = {10.1088/1475-7516/2011/03/010},
   adsurl = {http://adsabs.harvard.edu/abs/2011JCAP...03..010A},
  adsnote = {Provided by the SAO/NASA Astrophysics Data System}
}


% young pulsars interpretation
@ARTICLE{2015arXiv150402477O,
   author = {{O'Leary}, R.~M. and {Kistler}, M.~D. and {Kerr}, M. and {Dexter}, J.
	},
    title = "{Young Pulsars and the Galactic Center GeV Gamma-ray Excess}",
  journal = {ArXiv:1504.02477},
archivePrefix = "arXiv",
   eprint = {1504.02477},
 primaryClass = "astro-ph.HE",
 keywords = {Astrophysics - High Energy Astrophysical Phenomena, Astrophysics - Astrophysics of Galaxies, High Energy Physics - Phenomenology, High Energy Physics - Theory},
     year = 2015,
    month = apr,
   adsurl = {http://adsabs.harvard.edu/abs/2015arXiv150402477O},
  adsnote = {Provided by the SAO/NASA Astrophysics Data System}
}

% average MSP spectrum
@ARTICLE{2014arXiv1407.5583C,
   author = {{Cholis}, I. and {Hooper}, D. and {Linden}, T.},
    title = "{A New Determination of the Spectra and Luminosity Function of Gamma-Ray Millisecond Pulsars}",
  journal = {ArXiv:1407.5583},
archivePrefix = "arXiv",
   eprint = {1407.5583},
 primaryClass = "astro-ph.HE",
 keywords = {Astrophysics - High Energy Astrophysical Phenomena, Astrophysics - Solar and Stellar Astrophysics, High Energy Physics - Phenomenology},
     year = 2014,
    month = jul,
   adsurl = {http://adsabs.harvard.edu/abs/2014arXiv1407.5583C},
  adsnote = {Provided by the SAO/NASA Astrophysics Data System}
}

@ARTICLE{2015ApJ...804...86M,
   author = {{McCann}, A.},
    title = "{A Stacked Analysis of 115 Pulsars Observed by the FERMI LAT}",
  journal = {\apj},
archivePrefix = "arXiv",
   eprint = {1412.2422},
 primaryClass = "astro-ph.HE",
 keywords = {gamma rays: general, gamma rays: stars, pulsars: general},
     year = 2015,
    month = may,
   volume = 804,
      eid = {86},
    pages = {86},
      doi = {10.1088/0004-637X/804/2/86},
   adsurl = {http://adsabs.harvard.edu/abs/2015ApJ...804...86M},
  adsnote = {Provided by the SAO/NASA Astrophysics Data System}
}


% classic paper on pulsar contribution to gamma-rays
@ARTICLE{2010JCAP...01..005F,
   author = {{Faucher-Gigu{\`e}re}, C.-A. and {Loeb}, A.},
    title = "{The pulsar contribution to the gamma-ray background}",
  journal = {\jcap},
archivePrefix = "arXiv",
   eprint = {0904.3102},
 primaryClass = "astro-ph.HE",
     year = 2010,
    month = jan,
   volume = 1,
      eid = {005},
    pages = {005},
      doi = {10.1088/1475-7516/2010/01/005},
   adsurl = {http://adsabs.harvard.edu/abs/2010JCAP...01..005F},
  adsnote = {Provided by the SAO/NASA Astrophysics Data System}
}


% MSP contribution to gamma-rays - recent analysis
@ARTICLE{2013A&A...554A..62G,
   author = {{Gr{\'e}goire}, T. and {Kn{\"o}dlseder}, J.},
    title = "{Constraining the Galactic millisecond pulsar population using Fermi Large Area Telescope}",
  journal = {\aap},
archivePrefix = "arXiv",
   eprint = {1305.1584},
 keywords = {pulsars: general, gamma rays: diffuse background},
     year = 2013,
    month = jun,
   volume = 554,
      eid = {A62},
    pages = {A62},
      doi = {10.1051/0004-6361/201219676},
   adsurl = {http://adsabs.harvard.edu/abs/2013A%26A...554A..62G},
  adsnote = {Provided by the SAO/NASA Astrophysics Data System}
}

@ARTICLE{2014JHEAp...3....1Y,
   author = {{Yuan}, Q. and {Zhang}, B.},
    title = "{Millisecond pulsar interpretation of the Galactic center gamma-ray excess}",
  journal = {Journal of High Energy Astrophysics},
archivePrefix = "arXiv",
   eprint = {1404.2318},
 primaryClass = "astro-ph.HE",
     year = 2014,
    month = sep,
   volume = 3,
    pages = {1-8},
      doi = {10.1016/j.jheap.2014.06.001},
   adsurl = {http://adsabs.harvard.edu/abs/2014JHEAp...3....1Y},
  adsnote = {Provided by the SAO/NASA Astrophysics Data System}
}


@ARTICLE{2015JCAP...02..023P,
   author = {{Petrovi{\'c}}, J. and {Serpico}, P.~D. and {Zaharijas}, G.},
    title = "{Millisecond pulsars and the Galactic Center gamma-ray excess: the importance of luminosity function and secondary emission}",
  journal = {\jcap},
archivePrefix = "arXiv",
   eprint = {1411.2980},
 primaryClass = "astro-ph.HE",
     year = 2015,
    month = feb,
   volume = 2,
      eid = {023},
    pages = {023},
      doi = {10.1088/1475-7516/2015/02/023},
   adsurl = {http://adsabs.harvard.edu/abs/2015JCAP...02..023P},
  adsnote = {Provided by the SAO/NASA Astrophysics Data System}
}

% CMZ source
@ARTICLE{2015JCAP...12..005C,
   author = {{Cholis}, I. and {Evoli}, C. and {Calore}, F. and {Linden}, T. and 
	{Weniger}, C. and {Hooper}, D.},
    title = "{The Galactic Center GeV excess from a series of leptonic cosmic-ray outbursts}",
  journal = {\jcap},
archivePrefix = "arXiv",
   eprint = {1506.05119},
 primaryClass = "astro-ph.HE",
     year = 2015,
    month = dec,
   volume = 12,
      eid = {005},
    pages = {005},
      doi = {10.1088/1475-7516/2015/12/005},
   adsurl = {http://adsabs.harvard.edu/abs/2015JCAP...12..005C},
  adsnote = {Provided by the SAO/NASA Astrophysics Data System}
}

@ARTICLE{2015JCAP...12..056G,
   author = {{Gaggero}, D. and {Taoso}, M. and {Urbano}, A. and {Valli}, M. and 
	{Ullio}, P.},
    title = "{Towards a realistic astrophysical interpretation of the gamma-ray Galactic center excess}",
  journal = {\jcap},
archivePrefix = "arXiv",
   eprint = {1507.06129},
 primaryClass = "astro-ph.HE",
     year = 2015,
    month = dec,
   volume = 12,
      eid = {056},
    pages = {056},
      doi = {10.1088/1475-7516/2015/12/056},
   adsurl = {http://adsabs.harvard.edu/abs/2015JCAP...12..056G},
  adsnote = {Provided by the SAO/NASA Astrophysics Data System}
}


@ARTICLE{2015arXiv151004698C,
   author = {{Carlson}, E. and {Linden}, T. and {Profumo}, S.},
    title = "{Cosmic-Ray Injection from Star-Forming Regions}",
  journal = {\prl},
archivePrefix = "arXiv",
   eprint = {1510.04698},
 primaryClass = "astro-ph.HE",
 keywords = {Astrophysics - High Energy Astrophysical Phenomena, Astrophysics - Astrophysics of Galaxies, High Energy Physics - Phenomenology},
     year = 2016,
    month = dec,
       volume = 117,
    pages = {111101},
   adsurl = {http://adsabs.harvard.edu/abs/2015arXiv151004698C},
  adsnote = {Provided by the SAO/NASA Astrophysics Data System}
}


% GC HESS pevatron
@ARTICLE{2016Natur.531..476H,
   author = {{Abramowski}, A. and {Aharonian}, F. and {Benkhali}, F.~A. and others},
    title = "{Acceleration of petaelectronvolt protons in the Galactic Centre}",
  journal = {\nat},
archivePrefix = "arXiv",
   eprint = {1603.07730},
 primaryClass = "astro-ph.HE",
     year = 2016,
    month = mar,
   volume = 531,
    pages = {476-479},
      doi = {10.1038/nature17147},
   adsurl = {http://adsabs.harvard.edu/abs/2016Natur.531..476H},
  adsnote = {Provided by the SAO/NASA Astrophysics Data System}
}

% interpretation of HESS and Fermi data in the GC
@ARTICLE{2017arXiv170201124G,
   author = {{Gaggero}, D. and {Grasso}, D. and {Marinelli}, A. and {Taoso}, M. and 
	{Urbano}, A.},
    title = "{Diffuse cosmic rays shining in the Galactic center: A novel interpretation of H.E.S.S. and Fermi-LAT gamma-ray data}",
  journal = {ArXiv:1702.01124},
archivePrefix = "arXiv",
   eprint = {1702.01124},
 primaryClass = "astro-ph.HE",
 keywords = {Astrophysics - High Energy Astrophysical Phenomena, High Energy Physics - Phenomenology},
     year = 2017,
    month = feb,
   adsurl = {http://adsabs.harvard.edu/abs/2017arXiv170201124G},
  adsnote = {Provided by the SAO/NASA Astrophysics Data System}
}



% NFW profile
@ARTICLE{1997ApJ...490..493N,
   author = {{Navarro}, J.~F. and {Frenk}, C.~S. and {White}, S.~D.~M.},
    title = "{A Universal Density Profile from Hierarchical Clustering}",
  journal = {\apj},
   eprint = {astro-ph/9611107},
 keywords = {Cosmology: Theory, Cosmology: Dark Matter, Galaxies: Halos, Methods: Numerical},
     year = 1997,
    month = dec,
   volume = 490,
    pages = {493-508},
   adsurl = {http://adsabs.harvard.edu/abs/1997ApJ...490..493N},
  adsnote = {Provided by the SAO/NASA Astrophysics Data System}
}

@ARTICLE{Ackermann:2015zua,
       author = {{Ackermann}, M. and {Albert}, A. and {Anderson}, B. and others},
       title = "{Searching for Dark Matter Annihilation from Milky Way Dwarf Spheroidal Galaxies with Six Years of Fermi Large Area Telescope Data}",
       journal = {Physical Review Letters},
       archivePrefix = "arXiv",
       eprint = {1503.02641},
       primaryClass = "astro-ph.HE",
       keywords = {Dark matter, gamma-ray, Dwarf galaxies, gamma-ray sources, gamma-ray bursts},
       year = 2015,
       month = dec,
       volume = 115,
       number = 23,
       eid = {231301},
       pages = {231301},
       doi = {10.1103/PhysRevLett.115.231301},
       adsurl = {http://adsabs.harvard.edu/abs/2015PhRvL.115w1301A},
       adsnote = {Provided by the SAO/NASA Astrophysics Data System}
}

%%%%%%%%%%%
% books


%\cite{Aharonian2003}
@Book{Aharonian2003,
     author    = "Aharonian, F.A.",
     title     = "{Very High Energy Cosmic Gamma Radiation}",
     publisher   = "World Scientific",
     year      = "2003",
}

%2016arXiv160206764Y
@ARTICLE{2016A&A...589A.117Y,
   author = {{Yang}, R.-z. and {Aharonian}, F.},
    title = "{On the GeV excess in the diffuse {$\gamma$}-ray emission towards the Galactic centre}",
  journal = {\aap},
archivePrefix = "arXiv",
   eprint = {1602.06764},
 primaryClass = "astro-ph.HE",
 keywords = {cosmic rays, Galaxy: center, gamma rays: ISM},
     year = 2016,
    month = apr,
   volume = 589,
      eid = {A117},
    pages = {A117},
      doi = {10.1051/0004-6361/201527550},
   adsurl = {http://adsabs.harvard.edu/abs/2016A%26A...589A.117Y},
  adsnote = {Provided by the SAO/NASA Astrophysics Data System}
}

%Ackermann:2015lka,
@ARTICLE{2015PhRvD..91l2002A,
   author = {{Ackermann}, M. and {Ajello}, M. and {Albert}, A. and others},
    title = "{Updated search for spectral lines from Galactic dark matter interactions with pass 8 data from the Fermi Large Area Telescope}",
  journal = {\prd},
archivePrefix = "arXiv",
   eprint = {1506.00013},
 primaryClass = "astro-ph.HE",
 keywords = {Dark matter, Elementary particle processes, Galactic halo},
     year = 2015,
    month = jun,
   volume = 91,
   number = 12,
      eid = {122002},
    pages = {122002},
      doi = {10.1103/PhysRevD.91.122002},
   adsurl = {http://adsabs.harvard.edu/abs/2015PhRvD..91l2002A},
  adsnote = {Provided by the SAO/NASA Astrophysics Data System}
}

@article{Buckley:2015doa,
      author         = "Buckley, Matthew R. and Charles, Eric and Gaskins,
                        Jennifer M. and Brooks, Alyson M. and Drlica-Wagner, Alex
                        and Martin, Pierrick and Zhao, Geng",
      title          = "{Search for Gamma-ray Emission from Dark Matter
                        Annihilation in the Large Magellanic Cloud with the Fermi
                        Large Area Telescope}",
      journal        = "Phys. Rev.",
      volume         = "D91",
      year           = "2015",
      number         = "10",
      pages          = "102001",
      doi            = "10.1103/PhysRevD.91.102001",
      eprint         = "1502.01020",
      archivePrefix  = "arXiv",
      primaryClass   = "astro-ph.HE",
      reportNumber   = "FERMILAB-PUB-15-039-AE",
      SLACcitation   = "%%CITATION = ARXIV:1502.01020;%%"
}

@article{Caputo:2016ryl,
      author         = "Caputo, Regina and Buckley, Matthew R. and Martin,
                        Pierrick and Charles, Eric and Brooks, Alyson M. and
                        Drlica-Wagner, Alex and Gaskins, Jennifer M. and Wood,
                        Matthew",
      title          = "{Search for Gamma-ray Emission from Dark Matter
                        Annihilation in the Small Magellanic Cloud with the Fermi
                        Large Area Telescope}",
      journal        = "Phys. Rev.",
      volume         = "D93",
      year           = "2016",
      number         = "6",
      pages          = "062004",
      doi            = "10.1103/PhysRevD.93.062004",
      eprint         = "1603.00965",
      archivePrefix  = "arXiv",
      primaryClass   = "astro-ph.HE",
      reportNumber   = "FERMILAB-PUB-16-408-AE",
      SLACcitation   = "%%CITATION = ARXIV:1603.00965;%%"
}

@PHDTHESIS{2010PhDT.......147K,
   author = {{Kerr}, M.},
    title = "{Likelihood methods for the detection and characterization of gamma-ray pulsars with the Fermi large area telescope}",
   school = {University of Washington},
     year = 2010,
   adsurl = {http://adsabs.harvard.edu/abs/2010PhDT.......147K},
  adsnote = {Provided by the SAO/NASA Astrophysics Data System}
}

@ARTICLE{2005ApJ...622..759G,
   author = {{G{\'o}rski}, K.~M. and {Hivon}, E. and {Banday}, A.~J. and 
	{Wandelt}, B.~D. and {Hansen}, F.~K. and {Reinecke}, M. and 
	{Bartelmann}, M.},
    title = "{HEALPix: A Framework for High-Resolution Discretization and Fast Analysis of Data Distributed on the Sphere}",
  journal = {\apj},
   eprint = {astro-ph/0409513},
 keywords = {Cosmology: Cosmic Microwave Background, Cosmology: Observations, Methods: Statistical},
     year = 2005,
    month = apr,
   volume = 622,
    pages = {759-771},
      doi = {10.1086/427976},
   adsurl = {http://adsabs.harvard.edu/abs/2005ApJ...622..759G},
  adsnote = {Provided by the SAO/NASA Astrophysics Data System}
}

@ARTICLE{2014BASI...42...47G,
   author = {{Green}, D.~A.},
    title = "{A catalogue of 294 Galactic supernova remnants}",
  journal = {Bulletin of the Astronomical Society of India},
archivePrefix = "arXiv",
   eprint = {1409.0637},
 primaryClass = "astro-ph.HE",
 keywords = {supernova remnants, catalogues, radio continuum: ISM, ISM: general},
     year = 2014,
    month = jun,
   volume = 42,
    pages = {47-58},
   adsurl = {http://adsabs.harvard.edu/abs/2014BASI...42...47G},
  adsnote = {Provided by the SAO/NASA Astrophysics Data System}
}

@ARTICLE{2010NewA...15..433M,
   author = {{Minniti}, D. and {Lucas}, P.~W. and {Emerson}, J.~P. and others},
    title = "{VISTA Variables in the Via Lactea (VVV): The public ESO near-IR variability survey of the Milky Way}",
  journal = {\na},
archivePrefix = "arXiv",
   eprint = {0912.1056},
     year = 2010,
    month = jul,
   volume = 15,
    pages = {433-443},
      doi = {10.1016/j.newast.2009.12.002},
   adsurl = {http://adsabs.harvard.edu/abs/2010NewA...15..433M},
  adsnote = {Provided by the SAO/NASA Astrophysics Data System}
}

@ARTICLE{2013A&A...558A..33A,
   author = {{Robitaille}, T.~P. and {Tollerud}, E.~J. and {Greenfield}, P. and others},
    title = "{Astropy: A community Python package for astronomy}",
  journal = {\aap},
archivePrefix = "arXiv",
   eprint = {1307.6212},
 primaryClass = "astro-ph.IM",
 keywords = {methods: data analysis, methods: miscellaneous, virtual observatory tools},
     year = 2013,
    month = oct,
   volume = 558,
      eid = {A33},
    pages = {A33},
      doi = {10.1051/0004-6361/201322068},
   adsurl = {http://adsabs.harvard.edu/abs/2013A%26A...558A..33A},
  adsnote = {Provided by the SAO/NASA Astrophysics Data System}
}

@ARTICLE{1997NIMPA.389...81B,
   author = {{Brun}, R. and {Rademakers}, F.},
    title = "{ROOT {\mdash} An object oriented data analysis framework}",
  journal = {Nuclear Instruments and Methods in Physics Research A},
     year = 1997,
    month = feb,
   volume = 389,
    pages = {81-86},
      doi = {10.1016/S0168-9002(97)00048-X},
   adsurl = {http://adsabs.harvard.edu/abs/1997NIMPA.389...81B},
  adsnote = {Provided by the SAO/NASA Astrophysics Data System}
}

@Article{Hunter:2007,
  Author    = {Hunter, J. D.},
  Title     = {Matplotlib: A 2D graphics environment},
  Journal   = {Computing In Science \& Engineering},
  Volume    = {9},
  Number    = {3},
  Pages     = {90--95},
  abstract  = {Matplotlib is a 2D graphics package used for Python
  for application development, interactive scripting, and
  publication-quality image generation across user
  interfaces and operating systems.},
  publisher = {IEEE COMPUTER SOC},
  doi = {10.1109/MCSE.2007.55},
  year      = 2007
}

% Macias:2016nev,
@ARTICLE{2016arXiv161106644M,
   author = {{Macias}, O. and {Gordon}, C. and {Crocker}, R.~M. and others},
    title = "{Discovery of Gamma-Ray Emission from the X-shaped Bulge of the Milky Way}",
  journal = {ArXiv:1611.06644},
archivePrefix = "arXiv",
   eprint = {1611.06644},
 primaryClass = "astro-ph.HE",
 keywords = {Astrophysics - High Energy Astrophysical Phenomena, Astrophysics - Cosmology and Nongalactic Astrophysics, Astrophysics - Astrophysics of Galaxies, High Energy Physics - Phenomenology},
     year = 2016,
    month = nov,
   adsurl = {http://adsabs.harvard.edu/abs/2016arXiv161106644M},
  adsnote = {Provided by the SAO/NASA Astrophysics Data System}
}



@ARTICLE{2015MNRAS.454.1517G,
   author = {{Green}, D.~A.},
    title = "{Constraints on the distribution of supernova remnants with Galactocentric radius}",
  journal = {\mnras},
archivePrefix = "arXiv",
   eprint = {1508.02931},
 primaryClass = "astro-ph.HE",
 keywords = {ISM: structure, ISM: supernova remnants, Galaxy: structure},
     year = 2015,
    month = dec,
   volume = 454,
    pages = {1517-1524},
      doi = {10.1093/mnras/stv1885},
   adsurl = {http://adsabs.harvard.edu/abs/2015MNRAS.454.1517G},
  adsnote = {Provided by the SAO/NASA Astrophysics Data System}
}


